3316 5170
658 363 869 421 --81-

193 531 304 610 ciplina
327 539 371 591 est
394 530 432 590 ad
455 530 663 591 discernendas
686 551 782 591 rerum
802 551 911 596 ,causas
933 531 1065 590 inventa.
1100 531 1218 591 Dicitur
1234 542 1332 592 autem

193 617 349 678 dialectica
379 618 464 696 quasi
494 616 592 678 dualis
616 617 718 692 dictio,
746 617 907 696 quaerendi
930 616 1092 676 disserendi
1115 627 1145 677 et
1166 617 1331 679 diffiniendi

192 714 305 783 potens.
350 704 422 782 Ipsa
444 724 512 782 ergo
536 702 692 764 dialectica
714 705 847 784 sequitur
868 703 1053 775 rethoricam,
1083 703 1155 782 quia
1176 704 1208 763 in
1230 705 1332 766 multis

192 800 318 869 utraque
340 791 516 851 communia.
553 790 650 869 Igitur
672 792 704 849 in
720 792 916 870 grammatica
929 797 1006 850 recte
1021 789 1163 868 loquendi
1179 791 1332 858 scientiam

193 877 340 950 discimus,
363 878 395 935 in
418 877 566 938 rethorica
581 897 651 937 vero
675 878 853 957 percipimus
876 877 1006 956 qualiter
1028 897 1157 955 eaquae
1175 877 1353 938 didicimuso

192 962 394 1043 proferamus,
429 965 461 1022 in
498 963 657 1024 dialectica
689 963 875 1025 discernendi
904 963 1015 1024 falsum
1042 983 1061 1022 a
1084 983 1153 1025 vero
1180 965 1332 1025 scientiam

194 1049 453 1130 apprehendimus.

279 1138 318 1196 I).
344 1136 407 1212 Qui
430 1136 658 1216 disciplinarum
680 1137 804 1195 istarum
827 1134 940 1196 fuerint
962 1135 1194 1210 inventores,
1217 1136 1333 1198 calamo

192 1243 385 1302 prosequere,
413 1244 451 1283 ne
478 1223 549 1301 quid
577 1243 630 1282 nos
658 1221 752 1282 lateat
778 1224 808 1281 in
835 1223 983 1302 personis,
1011 1222 1082 1282 dum
1109 1223 1207 1282 minus
1234 1223 1334 1284 idonei

193 1330 294 1370 sumus
318 1311 389 1368 artis
413 1330 513 1369 eorum
537 1308 769 1388 consequendae,
1340 1327 1366 1370 10

279 1397 322 1456 Μ.
345 1395 426 1472 Quid
449 1395 570 1473 prodest
591 1395 702 1456 habere
724 1404 753 1455 te
775 1395 880 1476 pulcra
902 1415 991 1474 poma
1009 1416 1081 1476 prae
1096 1397 1243 1471 manibus,
1264 1420 1331 1459 cum

192 1481 239 1542 his
267 1502 326 1542 non
355 1483 450 1560 possis
480 1483 524 1542 uti
551 1482 728 1543 edentulus?
773 1483 856 1559 Quid
878 1480 998 1562 prodest
1027 1492 1055 1543 te
1077 1485 1151 1544 scire
1173 1484 1331 1544 fluminum

192 1588 367 1647 magnorum
402 1568 449 1630 vel
482 1570 605 1629 nomina
640 1569 687 1630 vel
722 1590 882 1643 excursus,
911 1589 978 1628 cum
1008 1569 1047 1629 ad
1077 1571 1331 1632 transfretandum

192 1655 346 1734 navigium
369 1655 446 1716 desit
468 1664 522 1715 aut
543 1657 667 1716 census?

279 1742 318 1801 I).
340 1742 407 1802 Etsi
430 1742 506 1802 desit
529 1743 559 1800 in
582 1741 629 1801 his
652 1742 755 1803 utendi
778 1743 909 1816 effectus,
933 1744 971 1803 ad
994 1743 1067 1804 haec
1090 1748 1366 1826 tamenquando·1t

192 1849 250 1908 que
273 1828 459 1906 assequenda
481 1828 645 1890 delectatur
668 1829 789 1890 affectus
812 1838 842 1888 et
864 1839 1009 1908 aspectus.

279 1916 320 1974 M.
344 1914 504 1974 Rethorica
533 1915 695 1995 disciplina
726 1936 745 1976 a
778 1915 902 1977 Graecis
935 1917 1059 1977 invente
1091 1926 1142 1990 est,
1178 1919 1333 2000 aGorgia

192 2001 352 2061 Aristotele
375 2002 542 2080 Ermagora
563 2011 592 2061 et
613 2002 644 2061 in
667 2002 794 2062 latinum
822 2002 971 2063 translata
993 2024 1011 2063 a
1033 2003 1134 2063 Tullio
1156 2004 1280 2066 Tieiano
1303 2016 1333 2067 et

192 2086 395 2162 Quintilliano
417 2097 479 2148 tam
503 2089 623 2168 copiosa
640 2089 834 2168 loquacitate,
864 2099 898 2149 ut
925 2110 1099 2169 magnorum
1125 2092 1255 2152 virorum
1288 2094 1331 2152 in-

191 2175 279 2252 genia
310 2174 448 2234 videatur
471 2195 617 2254 superare.
667 2175 866 2236 Dialecticam
893 2177 980 2256 primi
1010 2176 1180 2256 philosophi
1209 2180 1240 2238 in
1270 2181 1367 2240 suisao

191 2260 370 2321 dictionibus
392 2260 569 2332 habuerunt,
592 2283 654 2322 non
677 2273 775 2323 tamen
801 2262 839 2322 ad
856 2263 927 2322 artis
941 2262 1078 2342 redegere
1092 2265 1241 2342 peritiam;
1264 2276 1331 2345 post

190 2345 244 2406 hos
267 2346 438 2407 Aristotiles
469 2347 508 2407 ad
538 2349 656 2427 regulas
683 2350 830 2428 quasdam
857 2349 947 2409 huius
976 2349 1127 2410 doctrinae
1156 2360 1331 2430 argumenta

190 2432 331 2511 perduxit
352 2441 382 2492 et
404 2432 590 2494 dialecticam
613 2437 807 2514 nuncupavit,
828 2435 899 2514 quia
920 2437 951 2495 in
974 2434 1068 2496 eade
1090 2436 1175 2496 dictis
1198 2438 1330 2518 disputa·

190 2527 253 2590 tur3
283 2518 381 2579 lecton
410 2519 488 2579 enim
516 2520 606 2582 dictio
633 2521 754 2595 dicitur,
784 2521 941 2582 dialectica
970 2521 1068 2582 dualis
1095 2522 1193 2584 dictio.
1237 2526 1330 2587 Porro

261 2677 291 2714 14
301 2672 591 2744 navigium]lnavium.

262 2742 302 2810 15]
322 2746 392 2796 stati:
410 2729 634 2812 der'Abklirzung
652 2746 696 2798 fiir
716 2747 821 2799 ‘tamen’
841 2746 916 2800 steht
933 2747 961 2799 in
978 2746 1026 2803 der
1038 2752 1087 2805 Hs.
1108 2751 1149 2804 die
1162 2749 1331 2816 Abktirzung

190 2810 234 2862 fiir
254 2811 350 2864 ‘inde’.¹
660 2823 661 2826 ’
799 2820 828 2857 21
840 2833 895 2868 non
911 2819 1015 2900 tamen]
1034 2819 1170 2890 nonfitam.

261 2885 288 2921 22
299 2882 441 2950 quasdam]
462 2883 585 2950 quadam.
798 2889 827 2926 24
839 2885 931 2954 dictio]
950 2884 1055 2958 lectiot

187 3023 298 3085 poteus;
325 3043 362 3070 μ
382 3022 419 3090 (2)
435 3030 498 3089 post
516 3023 677 3076 rhetoricum
695 3022 870 3092 disciplinam
889 3024 1033 3080 dialectica
1051 3027 1188 3096 sequitur,
1212 3027 1279 3096 quio
1301 3028 1331 3080 iu

190 3087 281 3139 multis
300 3090 409 3156 utrique
427 3092 495 3154 (cod.
506 3091 646 3146 Gudianus
656 3092 682 3144 ll
697 3092 747 3145 wic
760 3091 870 3146 Kourad
888 3096 1015 3165 utraque)
1033 3097 1184 3150 commuuio
1202 3097 1330 3150 esistunt.

277 3158 303 3226 4]
323 3159 414 3223 Isid,
434 3178 471 3212 or.
489 3161 522 3225 Il,
544 3162 565 3225 1,
586 3163 614 3214 2:
634 3161 663 3213 iu
681 3164 861 3230 praumatieu
880 3164 948 3216 euim
966 3165 1106 3218 scientium
1123 3170 1192 3220 reete
1204 3165 1331 3234 loquendi

187 3224 332 3358 piscimus,
358 3227 388 3279 iu
405 3228 542 3283 rhetorica
559 3245 620 3282 uero
637 3231 812 3300 percipimus,
832 3233 949 3299 qualiter
967 3249 999 3286 eo
1017 3250 1084 3301 quoe
1103 3233 1252 3288 didicimus
1266 3251 1331 3304 pro-

201 3311 314 3349 eronus

261 3366 328 3436 15f.]
353 3367 460 3434 Hugo
488 3367 519 3420 de
540 3367 564 3420 S.
584 3367 707 3433 Victore,
733 3363 826 3436 Migne
846 3372 909 3436 176,
937 3372 1003 3426 tte:
1033 3372 1215 3426 indesinenter
1237 3372 1331 3427 studio

189 3433 356 3554 inpudentes,
375 3436 447 3504 quod
459 3437 549 3489 miuus
561 3436 659 3489 hubent
677 3437 798 3503 effectu
817 3442 914 3508 operis,
933 3441 1188 3495 obtinerevideutur
1206 3441 1330 3508 affeetu

190 3505 345 3558 corruistis.

262 3573 303 3641 17]
323 3573 415 3639 leid,
436 3593 473 3628 or.
492 3577 525 3639 ΙΙ,
544 3576 567 3640 2,
580 3576 607 3628 1:
626 3575 691 3629 haec
709 3582 797 3630 autern
817 3577 965 3646 disciplina
984 3597 1001 3632 o
1021 3580 1136 3634 Graecis
1154 3581 1265 3634 iuoeutu
1283 3586 1329 3644 est,

190 3641 332 3709 oGorpiu
350 3643 494 3696 Aristotele
512 3644 686 3714 Hermuporo
711 3650 736 3698 et
759 3649 896 3700 translato
920 3649 949 3701 iu
974 3650 1089 3702 latinum
1108 3667 1125 3702 u
1145 3649 1233 3704 Tullio
1256 3649 1329 3702 uide-

189 3709 251 3764 licet
270 3716 295 3762 et
312 3710 484 3779 Quintiliano
503 3719 528 3766 et
547 3714 665 3780 Titiana
683 3715 729 3768 sed
747 3714 789 3768 itu
807 3718 923 3785 copiose,
942 3718 982 3771 itu
1001 3719 1077 3772 uarie
1095 3720 1137 3772 uel
1151 3734 1203 3788 pi‘o
1215 3719 1330 3773 scientio

189 3781 230 3832 uel
247 3795 297 3849 pro
315 3780 447 3834 locutione
465 3784 603 3836 ceruorum
621 3798 788 3852 praecorum,
807 3791 837 3838 ut
847 3801 904 3839 eunt
914 3789 1007 3840 lectori
1019 3787 1156 3841 admirari
1165 3789 1330 3858 inpromptu

189 3849 233 3915 sil,
253 3850 471 3918 comprehendere
489 3853 661 3920 impossibile.

260 3918 301 3988 19]
321 3918 411 3984 Isid,
430 3938 468 3973 or.
487 3921 521 3987 ll,
542 3923 583 3986 22,
603 3924 630 3974 2:
654 3922 725 3976 lianc
748 3922 856 3990 quidem
871 3925 958 3992 primi
974 3927 1128 3994 philosophi
1147 3927 1177 3978 iu
1195 3927 1253 3980 suis
1271 3927 1329 3981 dic·

189 3988 308 4041 tionibus
331 3988 497 4051 habueruut,
527 4006 580 4043 nou
604 3997 693 4044 tumea
721 3993 758 4044 ud
783 3994 854 4046 artis
876 3992 1001 4064 recepere
1026 3997 1170 4064 peritium3
1197 4003 1260 4064 post
1283 3998 1330 4050 hos

188 4057 347 4111 Aristoteles
371 4057 409 4110 ud
434 4060 541 4128 repulus
566 4061 696 4127 quasdam
721 4061 803 4115 liuius
827 4062 967 4116 doctrinae
985 4071 1144 4132 urpuureutu
1161 4066 1288 4134 perduxit
1305 4072 1330 4119 et

189 4125 361 4180 dialecticum
380 4130 549 4196 uuricupuoil
565 4146 618 4198 pro
636 4130 754 4199 eoquod
772 4133 800 4184 iu
820 4147 851 4184 ea
871 4132 1003 4187 dedistis
1028 4134 1180 4204 (Variante:
1208 4135 1280 4204 quod
1298 4136 1329 4189 iu

188 4194 392 4318 ἷιόῗεηᾷὅιὲίοεὶε)
413 4197 587 4266 disputatum
605 4216 667 4252 uum
686 4200 770 4253 λεκτὸν
789 4199 874 4255 dictio
893 4201 1013 4268 elicitum
1031 4203 1085 4271 vgl.
1105 4203 1215 4268 Alkuin,
1235 4205 1327 4271 Migne

258 4338 286 4376 24
301 4334 371 4389 dual.
391 4335 483 4405 dictio]
503 4336 557 4402 vgl.
577 4337 644 4390 oben
663 4339 688 4392 Z.
708 4341 732 4393 2.

1219 4430 1234 4483 6
