3316 5170
805 365 1017 421 ...28-

348 534 519 603 materiam,
551 534 714 593 scribentis
737 533 956 602 intentionem,
988 533 1107 603 liualam
1136 554 1258 593 oausam
1281 542 1311 593 et
1333 535 1382 594 oui
1405 534 1487 611 parti

348 619 559 697 philosophiae
582 622 771 698 subponatnr
792 621 871 697 quod
895 601 1064 708 scribitnril

433 706 472 766 D.
484 706 541 767 Dic
554 707 659 784 igitur,
672 707 745 784 qnid
758 707 802 768 sit
813 707 950 778 materia,
961 706 1033 784 quid
1044 706 1179 778 intentio,
1188 705 1260 785 quid
1272 726 1363 766 causa
1376 705 1487 766 finalis.

432 795 475 852 Μ.
509 773 708 880 litiatoria
749 799 797 854 est
841 794 919 854 unde
961 799 1083 871 constat
1118 793 1296 871 quodlibet,
1336 793 1414 853 uude
1454 798 1485 854 et

324 881 525 940 caccabulum
549 881 648 939 trahit
675 880 762 958 quasi
785 886 883 940 mater
906 870 1104 976 reidldnobus
1128 886 1226 941 autem
1251 880 1364 941 dicitnr
1388 879 1484 940 modis

346 967 484 1040 materia,
511 973 556 1037 nt,
577 967 658 1028 sicut
674 967 704 1027 in
720 964 839 1028 edificio
856 974 927 1027 sunt
943 967 1028 1045 ligna
1049 974 1081 1026 et
1097 966 1226 1045 lapides,
1249 967 1293 1026 sic
1312 968 1344 1025 in
1361 967 1485 1027 vocibus

346 1074 440 1131 genus
464 1058 496 1112 et
517 1054 631 1132 species
659 1059 691 1114 et
720 1060 821 1115 cetera
853 1054 962 1133 quibus
992 1075 1067 1132 opus
1100 1053 1256 1131 perficitur
1279 1053 1357 1131 qnod
1381 1059 1487 1114 auctor

345 1139 494 1218 agendum
518 1129 923 1229 aggredituri'lnteutio
946 1147 993 1200 est
1015 1139 1087 1219 quid
1111 1149 1218 1201 auctor
1240 1140 1391 1215 intendat,
1405 1140 1486 1218 quid,

346 1237 502 1304 quantum,
518 1227 623 1306 dequo
637 1228 768 1288 scribere
782 1233 941 1306 proponat.
965 1228 1060 1288 Porro
1073 1226 1130 1287 lin
1141 1228 1176 1287 al
1186 1228 1221 1287 is
1241 1247 1356 1287 eausa
1368 1230 1486 1288 fruetus

311 1312 475 1392 rologentis
507 1321 563 1376 est.
609 1315 655 1374 De
686 1316 874 1393 partibas
905 1320 1006 1374 autem
1037 1314 1336 1393 philosophiae,
1374 1313 1485 1391 quibus

346 1421 419 1480 opus
439 1421 526 1461 omne
549 1406 703 1462 anctorum
735 1381 1006 1501 subponiturlp'
1025 1401 1055 1459 iu
1084 1402 1280 1480 sequentihus
1305 1399 1486 1471 docebimus,

345 1488 398 1546 nbi
416 1487 649 1564 disciplinarum
662 1488 834 1549 liberalium
856 1488 981 1549 nomina
995 1488 1098 1566 potins
1118 1509 1207 1565 quam
1224 1488 1366 1548 affectum
1383 1507 1483 1548 aarum

344 1574 560 1648 indicabimus,
590 1583 637 1634 est
666 1581 767 1635 autem
791 1575 985 1653 philosophia
1025 1573 1197 1636 divinarum
1226 1584 1257 1636 et
1286 1576 1485 1635 humanarum

345 1668 438 1739 prout
470 1661 585 1721 homini
618 1663 766 1740 possibile
800 1669 847 1722 est
877 1661 1014 1740 cognitio
1044 1682 1154 1725 rernm.
1201 1661 1347 1721 Glosa
1378 1682 1486 1740 graece

309 1748 441 1807 rolatine
471 1748 577 1826 lingua
604 1749 731 1821 dicitur,
767 1770 834 1809 oum
864 1749 953 1808 unius
985 1749 1071 1808 verbi
1099 1768 1162 1808 rem
1192 1768 1251 1810 uuo
1274 1749 1367 1809 verbo
1392 1750 1485 1809 mani·

344 1836 499 1897 foetemus

431 1923 470 1981 D.
493 1920 658 1983 Sufficiant
680 1922 744 1982 ista
759 1921 927 2000 praemissa
946 1922 1083 1999 legendis
1102 1922 1279 1984 auctoribus
1299 1922 1487 1994 necessaria;

344 2013 442 2069 restat
462 2029 549 2082 nunc,
572 2016 614 2080 ut,
637 2010 718 2069 sicut
740 2010 933 2087 promiseras,
955 2029 973 2067 a
996 2009 1165 2069 minorihus
1187 2009 1319 2089 incipias
1339 2015 1370 2070 et
1386 2009 1430 2069 sic
1447 2009 1486 2069 ad

344 2096 472 2156 maiores
480 2097 649 2174 pervenias;
660 2097 706 2156 lac
714 2096 896 2175 praemittas
904 2095 1051 2174 parvuliS,
1059 2095 1158 2156 eibum
1171 2097 1300 2158 solidum
1308 2095 1483 2158 ablactatis.

308 2191 335 2233 20
431 2180 537 2255 Suoor
559 2183 738 2243 Donatum.
777 2185 819 2244 Μ.
862 2184 1000 2244 Donatus
1023 2182 1142 2260 quidem
1169 2183 1230 2244 tibi
1251 2185 1332 2244 iuter
1354 2183 1486 2243 mitiores

344 2277 484 2330 auctores
508 2269 711 2330 numerandus
734 2270 863 2341 videtur,
887 2271 959 2347 quia
981 2269 1162 2330 rudimentis
1180 2272 1376 2348 parvulorum
1394 2275 1485 2348 aptus

344 2356 548 2435 cognoscitur,
571 2357 623 2417 sed
645 2363 792 2435 quantum
813 2357 933 2416 adtinet
949 2355 987 2416 ad
1008 2376 1174 2430 numerum,
1198 2357 1236 2416 ad
1253 2357 1485 2418 distinctionem

344 2442 426 2502 VIII
455 2442 604 2521 partium,
644 2443 682 2503 ad
713 2443 959 2505 distributionem
990 2463 1132 2521 generum
1167 2449 1198 2504 et
1227 2444 1410 2523 specierum,
1445 2443 1484 2502 ad

344 2529 566 2590 ordinationem
588 2529 619 2590 iu
636 2529 714 2608 ipsis
726 2531 866 2608 pertibus
883 2531 1093 2603 accidentium,
1110 2531 1192 2591 inter
1213 2531 1359 2593 maximos
1375 2550 1486 2609 ponen-

307 2615 399 2675 nous
429 2621 476 2676 est
506 2623 538 2676 et
566 2617 652 2695 quasi
681 2618 829 2695 quoddam
857 2619 1013 2696 singulare
1035 2618 1264 2680 fundamentum
1288 2618 1321 2678 in
1352 2617 1484 2678 caeteris

342 2721 394 2728 ”
430 2752 456 2821 4]
475 2770 526 2804 vor
543 2751 682 2820 quodlibet
699 2753 736 2805 cst
755 2752 872 2821 ‘aliquid’
892 2754 996 2821 george.

414 2843 442 2880 12
453 2839 592 2906 affectum]
611 2837 661 2890 lies
680 2839 846 2892 effectum?

342 2959 503 3014 nndBoeth.
523 2959 631 3028 citiert).
650 2959 712 3026 Vgl.
731 2957 870 3021 v.Bock,
889 2956 932 3011 die
951 2956 1043 3010 sichen
1061 2957 1148 3012 freien
1161 2959 1268 3012 Kunste
1279 2958 1316 3012 im
1328 2958 1367 3012 11.
1379 2958 1482 3025 Jahrb,

343 3029 529 3083 Donauworth
549 3029 623 3093 1847,
643 3029 669 3082 S.
688 3029 729 3081 34.

429 3098 455 3166 4]
475 3099 572 3152 Boru.
591 3098 657 3151 Tra
664 3098 699 3168 j.:
725 3097 841 3150 materia
866 3101 905 3149 est
924 3095 994 3148 uada
1012 3099 1116 3148 coastat
1134 3093 1274 3161 quidlibet,
1297 3095 1368 3147 unde
1387 3100 1412 3146 et
1428 3111 1484 3146 ma-

342 3168 411 3219 teria
430 3169 510 3234 quasi
527 3173 613 3220 uiator
630 3170 671 3219 rei
689 3167 846 3235 appellatur·
862 3166 963 3234 (helaei
974 3163 1065 3217 mater’
1086 3163 1157 3216 auch
1166 3163 1237 3228 Isid,
1252 3181 1290 3217 or.
1300 3164 1372 3230 XIX,
1390 3165 1429 3228 19,
1439 3164 1482 3232 4);

341 3236 405 3290 hoec
424 3237 528 3300 bifaria
546 3237 693 3303 accipitur:
718 3238 748 3288 iu
771 3234 850 3288 rebus
872 3240 903 3286 ot
920 3235 949 3285 ia
969 3233 1168 3301 dentationum
1187 3239 1236 3284 neit
1253 3233 1367 3301 lapides,
1392 3234 1421 3286 iu
1439 3250 1484 3286 co-

342 3305 418 3359 cibua
434 3311 465 3358 ut
483 3306 513 3358 iu
532 3305 649 3369 Poiutrio
667 3321 751 3374 penus
768 3303 870 3373 species
889 3302 1043 3368 (differentia
1061 3303 1204 3370 propri-um
1223 3301 1356 3354 occidens.

429 3375 454 3442 8]
474 3375 559 3428 echon
577 3374 751 3428 Boethius
769 3372 879 3426 bedient
897 3371 956 3426 sich
974 3371 1022 3424 des
1040 3372 1151 3425 Wortes
1169 3369 1284 3424 intentio
1303 3371 1368 3425 sehr
1380 3370 1481 3438 hliufig,

344 3461 365 3496 e.
384 3461 407 3497 z.
426 3444 456 3496 Β.
476 3445 528 3497 den
545 3444 632 3498 Index
650 3461 683 3496 zu
701 3442 817 3496 Meisers
835 3442 920 3508 Ausg.
940 3441 987 3494 der
1005 3458 1101 3494 comm.
1120 3439 1177 3510 περὶ
1196 3441 1223 3511 ἐρ
1243 3443 1333 3512 postea

413 3513 477 3566 11in
495 3513 682 3582 sequentibus]
702 3529 723 3565 s.
742 3515 826 3565 unten
844 3510 885 3563 Bl.
904 3511 938 3564 90
956 3511 1011 3563 und
1029 3509 1070 3562 Bl.
1091 3509 1140 3562 113
1159 3509 1207 3562 der
1252 3509 1411 3564 andeohrif.

412 3583 455 3651 13]
474 3581 571 3646 Isid,
592 3600 629 3635 or.
648 3583 690 3646 u„
709 3582 750 3645 24,
770 3582 802 3634 9:
825 3579 999 3648 philosophia
1018 3585 1056 3632 est
1074 3577 1232 3632 dictantium
1250 3579 1483 3648 humanarumque

340 3666 436 3714 rorum,
456 3653 484 3704 ia
503 3657 634 3719 quantum
656 3651 758 3703 bomini
778 3649 909 3719 possibile
927 3654 974 3708 est,
992 3647 1153 3728 procacius·
1168 3648 1299 3713 scientia;
1318 3647 1428 3702 uhnlich
1447 3648 1480 3712 II,

340 3720 381 3785 24’
403 3720 754 3858 lulitttltt¹j⁸l
771 3717 1037 3856 obtiduit?
1053 3716 1408 3855 utlttuobtttu
1425 3801 1481 3838 ur.

340 3858 409 3910 titur
427 3875 518 3912 iromea
529 3875 640 3912 acam
657 3859 740 3910 unius
758 3858 833 3910 verbi
851 3871 906 3909 cem
923 3870 978 3908 uiro
995 3855 1074 3909 certo
1091 3856 1306 3920 multimammiam
1325 3856 1380 3922 vgl.
1399 3856 1480 3922 Hugo

340 3926 373 3980 de
392 3925 418 3980 S.
437 3926 555 3992 Victore,
574 3927 666 3994 Migne
686 3927 743 3991 176,
763 3927 820 3979 789.
855 3968 857 3972 ,

412 3997 503 4066 19lao]
522 3997 577 4064 vgl.
596 3997 664 4050 oben
683 3995 710 4049 S.
728 3996 812 4060 21,10.

411 4066 453 4134 2⁰]
472 4067 499 4118 in
523 4066 565 4118 Τ1
586 4066 654 4118 wird
682 4065 743 4118 dem
769 4064 892 4118 Priscian
927 4065 970 4118 eiu
996 4061 1145 4116 Absohnitt
1171 4061 1323 4130 gewidmet‚
1351 4063 1481 4116 wthreud

339 4133 430 4187 Donat
447 4135 504 4188 leer
522 4134 651 4202 suegela
679 4133 707 4188 in
725 4133 764 4187 1⁹
781 4133 820 4188 ist
843 4133 937 4188 keiner
959 4150 1014 4186 von
1040 4131 1138 4185 beiden
1164 4131 1394 4200 berooksiohtigt3
1423 4132 1480 4199 vgl·

340 4207 424 4256 unten
442 4203 484 4256 die
503 4204 682 4270 Anmerkung
708 4221 742 4256 zu
760 4203 801 4256 Bl.
820 4203 853 4256 97
873 4204 920 4256 der
938 4200 1125 4256 Handsohrift.
1161 4201 1192 4253 In
1212 4201 1272 4254 dem
1301 4201 1367 4254 tiber
1389 4202 1481 4254 Donat

340 4272 479 4340 Gesagten
498 4273 624 4326 herrsoht
650 4272 786 4327 zwischeu
804 4273 913 4326 Konrad
936 4273 991 4325 und
1009 4271 1089 4337 Hugo
1111 4287 1166 4322 von
1184 4269 1333 4338 Trimberg,
1361 4270 1427 4338 Reg.
1445 4271 1478 4324 V.

341 4341 390 4395 182
408 4343 435 4395 ff.
454 4359 548 4410 grosse
566 4331 840 4410 Ubereinstimmung.
