3316 5170
788 385 1003 440 -74-

254 551 317 646 ¹332,st
414 554 453 613 I).
476 553 613 613 Tercium
633 573 707 632 opus
730 553 792 613 eius
815 552 852 612 de
874 552 988 613 Eneide
1010 553 1113 632 primis
1136 553 1287 634 adiungai

415 641 458 698 ΙΙ.
480 639 563 700 Nota
574 640 688 700 cunctis
700 639 875 699 historiaest
886 639 923 699 de
935 639 1050 700 excidio
1061 640 1173 712 Troiae,
1186 639 1333 718 quomodo
1345 648 1466 718 propter

329 725 479 786 Helenam
497 726 653 786 decennali
669 725 822 786 obsidione
836 725 927 785 Troia
950 735 1060 786 vexata
1077 735 1106 786 et
1131 736 1220 805 capta
1249 734 1293 786 est
1318 747 1337 785 a
1353 725 1466 800 Grecis,

327 834 365 872 ex
387 813 495 892 quibus
518 812 660 891 profugus
676 813 777 874 Encas
798 811 920 872 Italiam
935 813 1028 891 petiit,
1051 813 1153 872 urbem
1169 812 1308 885 condidit,
1331 812 1468 872 Turnum

305 899 451 972 odevicit‚
485 900 630 958 Romanis
654 920 672 958 a
694 920 725 959 se
747 899 899 978 quandam
922 900 1066 977 originem
1101 909 1130 959 et
1152 899 1268 960 virtutis
1300 908 1329 960 et
1350 901 1467 977 generis

327 986 409 1046 dedit
424 988 523 1064 sicque
536 1006 648 1064 magna
662 986 693 1044 in
713 986 806 1046 Italia
817 985 982 1063 grassando
995 986 1027 1045 in
1044 1006 1147 1046 omnes
1159 985 1335 1046 crudelitate
1346 986 1467 1046 tandem

328 1071 453 1132 fulmine
474 1073 599 1131 caelitus
614 1073 762 1132 extinctus
776 1081 829 1133 est.
863 1072 911 1132 De
933 1071 990 1132 hae
1011 1073 1102 1151 igitur
1123 1073 1248 1132 historia
1270 1073 1467 1132 materiam

328 1169 358 1218 et
386 1160 651 1219 intentionenr
684 1158 830 1236 Virgilius
864 1159 991 1237 accepit,
1023 1179 1081 1238 quo
1114 1158 1217 1219 nullus
1247 1158 1278 1218 in
1302 1169 1395 1220 metro
1417 1159 1466 1219 vel

328 1245 479 1306 latinitate
512 1256 615 1305 auctor
648 1246 806 1320 <maior>
843 1247 982 1306 inventus
1014 1254 1071 1318 est,
1110 1246 1224 1318 nullus,
1258 1245 1311 1305 ubi
1347 1245 1467 1304 veritati

293 1344 319 1387 10
329 1333 431 1392 cedere
453 1340 573 1392 coactus
596 1341 648 1404 est,
672 1331 830 1392 officialius
852 1341 882 1391 et
904 1331 1045 1392 curialius
1069 1333 1209 1394 mentitus
1233 1341 1284 1392 est.
1329 1332 1467 1410 Denique

329 1427 432 1478 auctor
458 1418 535 1478 idem
563 1418 716 1478 Brundisii
751 1419 909 1478 terminum
942 1419 1021 1478 vitae
1053 1419 1183 1497 accepit,
1210 1418 1370 1498 Neapolim
1397 1438 1469 1478 vero

328 1491 507 1564 transfertur
538 1515 567 1564 et
593 1505 747 1578 humatur,
788 1506 873 1565 ouius
906 1505 1039 1564 tumulus
1072 1504 1242 1565 huiusmodi
1269 1505 1372 1565 distico
1402 1505 1468 1583 ipso

327 1591 459 1651 dictante
473 1601 606 1652 notatur:
630 1591 767 1651 ‘Mantua
781 1612 827 1651 me
842 1592 952 1669 genuit,
971 1591 1093 1652 Calabri
1109 1612 1241 1670 rapuere,
1263 1600 1345 1652 tenet
1359 1592 1465 1651 nunc*

329 1677 531 1756 Parthenope;
561 1678 654 1738 cecini
676 1699 789 1757 pascua
811 1699 881 1738 rura
903 1678 1010 1738 duees'.
1056 1678 1125 1754 Quo
1157 1688 1271 1738 mortuo
1295 1678 1409 1738 Varius
1439 1686 1469 1738 et

293 1779 319 1820 ra
329 1764 431 1824 Tucca
443 1763 669 1825 contubernales
690 1765 811 1843 Virgilii
834 1775 863 1825 et
878 1765 974 1826 Oratii
997 1764 1089 1825 libros
1106 1765 1241 1824 Eneidou
1266 1764 1466 1824 emendandos

329 1851 468 1930 Augusto
490 1871 526 1910 ea
547 1851 612 1930 lege
639 1861 844 1931 sumpserunt,
879 1861 912 1912 ut
927 1851 1084 1931 ¹superflua
1106 1851 1224 1930 quidem
1249 1851 1400 1924 raderent,
1431 1851 1469 1910 de

330 1958 382 1998 suo
405 1957 474 1998 vero
497 1936 574 1998 nihil
597 1937 747 1998 adderent.

415 2024 559 2084 Attende:
583 2024 657 2083 nihil
682 2025 798 2084 animae
829 2024 945 2084 felicius
978 2025 1010 2083 in
1040 2024 1096 2084 hoc
1120 2023 1231 2084 mundo
1261 2045 1350 2102 quarn
1384 2023 1469 2102 pasci

330 2110 420 2171 verbo
443 2111 553 2183 divin0,
576 2132 661 2189 quae,
684 2112 755 2189 quia
777 2122 845 2189 post
861 2110 994 2171 laborem
1014 2111 1143 2189 requiem
1161 2110 1292 2170 futuram
1316 2119 1416 2189 sperat
1438 2118 1469 2169 et

294 2209 320 2250 20
330 2197 429 2269 credit,
452 2198 483 2255 in
505 2199 573 2274 ipsa
584 2198 634 2257 via
657 2197 901 2275 peregrinationis
923 2198 1047 2258 verbum
1068 2197 1115 2258 dei
1138 2197 1266 2257 condens
1289 2197 1320 2256 in
1337 2217 1368 2256 se
1382 2196 1469 2275 quasi

330 2282 479 2362 quoddam
504 2284 575 2361 ‘spei
591 2304 662 2344 suae
677 2283 854 2362 depositum'
876 2286 936 2343 iam
952 2285 1069 2362 patriae
1088 2304 1159 2343 suae
1175 2284 1313 2345 succedit.
1340 2282 1469 2343 Proinde

331 2390 446 2448 semper
467 2369 678 2449 philosophicis
700 2370 895 2430 annitendum
918 2383 963 2431 est
985 2370 1159 2450 disciplinis,
1181 2370 1241 2430 illis
1257 2370 1369 2431 scilicet
1390 2389 1470 2448 quae

328 2477 389 2516 non
412 2456 508 2516 solum
537 2457 567 2514 in
591 2457 689 2517 verbis
722 2458 772 2517 sed
796 2458 828 2516 in
850 2458 938 2518 rebus
961 2466 1115 2529 constant,
1149 2477 1225 2535 quae
1248 2457 1377 2517 suadent
1399 2475 1468 2516 con·

328 2552 472 2621 temptum
497 2543 706 2622 temporalium
729 2555 758 2604 et
780 2544 928 2604 inducunt
950 2565 1079 2604 amorem
1109 2553 1288 2616 eternorum,
1317 2563 1394 2622 quae
1417 2542 1468 2601 do·

293 2640 319 2682 2⁵
329 2640 396 2690 cent
429 2629 535 2708 spiritu
570 2630 726 2691 ambulare
759 2640 789 2690 et
819 2632 917 2691 carnis
949 2632 1015 2690 iura
1044 2651 1162 2708 negare,
1194 2651 1320 2708 quarum
1350 2649 1468 2690 summa

328 2725 372 2776 est
395 2735 524 2776 amorem
547 2717 672 2778 suadere
694 2718 841 2791 divinum,
865 2718 978 2778 cultum
1000 2716 1209 2790 invisibilium,
1233 2717 1335 2776 mundi
1358 2716 1470 2788 odium,

400 2922 442 2991 14]
451 2921 535 2974 cecini
542 2939 606 2974 rura
615 2939 717 2991 pascua
727 2921 827 2974 dulces,
866 2926 895 2962 14
903 2919 1014 2989 Varius]
1025 2938 1130 2974 varrus.
1168 2925 1197 2962 ‘25
1207 2921 1332 2990 quarum]
1345 2937 1469 2988 quorum.

418 3116 494 3166 anot.
515 3131 537 3166 c.
555 3112 619 3166 hist.
651 3130 672 3165 s.
692 3113 761 3165 oben
780 3112 820 3176 57,
841 3112 864 3164 6.
981 3111 1059 3163 3dec.
1079 3111 1147 3180 obs]
1167 3129 1188 3164 s,
1208 3110 1276 3164 oben
1295 3111 1335 3176 70,
1355 3110 1379 3163 8.

419 3181 501 3234 ovirt.
520 3186 548 3235 et
565 3199 625 3248 gen.
657 3199 678 3234 s.
698 3182 766 3234 oben
785 3182 885 3250 70‚„12.

419 3251 470 3320 tt]
491 3251 539 3306 das
557 3251 732 3304 Lebensende
756 3250 804 3303 des
822 3252 914 3303 Aneas
931 3249 969 3302 ist
985 3248 1161 3302 bekanntlich
1178 3248 1207 3302 in
1224 3248 1335 3316 Vergils
1354 3248 1469 3302 Gedioht

330 3320 406 3374 nicht
424 3321 501 3373 mehr
519 3320 695 3386 geschildert;
715 3337 736 3372 s,
755 3319 847 3372 Aurel.
866 3319 960 3372 Victor
979 3336 1001 3371 c.
1021 3319 1061 3372 14.

401 3390 442 3459 10]
461 3390 615 3453 Hieron,
635 3389 725 3442 chron.
745 3388 785 3441 01.
806 3389 892 3453 190,·2
911 3389 952 3457 (τ-
974 3387 1073 3454 Migne‚
1092 3391 1161 3456 pat-r.
1179 3404 1219 3454 gr.
1241 3387 1281 3451 19,
1295 3387 1369 3454 527);
1389 3387 1470 3440 tit-alo

329 3459 485 3511 lrrriusmodi
502 3459 690 3527 supruscra'pto
709 3473 784 3524 qrccm
803 3460 861 3524 ipsc
874 3457 989 3510 mora'cus
1007 3458 1171 3510 oi'etauaut:
1191 3456 1312 3508 ittonam
1331 3463 1393 3519 etc.;
1412 3458 1468 3524 vgl.

330 3528 371 3582 die
389 3527 544 3594 Vergilvita
561 3529 588 3580 in
608 3528 658 3580 den
676 3525 789 3580 Wiener
807 3526 920 3580 Studien
938 3527 983 3589 Ν,
1005 3527 1067 3590 169;
1092 3526 1161 3579 auch
1179 3525 1271 3578 Donat
1292 3526 1347 3578 und
1365 3524 1470 3580 Probus

329 3598 418 3652 haben
437 3597 486 3650 das
504 3597 655 3650 Distichon.

401 3666 443 3735 11]
463 3665 606 3720 Servius
625 3665 653 3718 in
670 3665 751 3730 Verg.
772 3663 876 3728 comm,
895 3664 949 3717 vol.
968 3664 987 3728 Ι,
1006 3682 1032 3733 p.
1051 3665 1075 3727 2,
1095 3664 1127 3717 12
1146 3663 1186 3715 ed.
1206 3662 1298 3716 Thilo:
1324 3667 1469 3730 Augustus

330 3751 399 3800 ocra
418 3751 451 3788 ae
469 3742 572 3788 turrira-m
591 3751 659 3803 opas
673 3736 785 3802 periret,
806 3733 920 3785 wacca-m
931 3739 954 3786 rt
969 3734 1081 3785 Varium
1100 3733 1150 3784 hcc
1162 3733 1308 3799 legetur-seit
1320 3731 1468 3797 carradata,

330 3811 360 3856 ut
378 3806 515 3871 strperfluo
535 3804 673 3868 demerent,
692 3803 762 3855 nibil
780 3802 910 3855 adderent
927 3808 1027 3866 torrem
1045 3801 1100 3868 vgl.
1120 3801 1238 3866 Hieron,
1256 3801 1356 3865 chron,
1375 3801 1469 3868 Migne

331 3891 369 3938 gr.
393 3875 438 3938 19,
458 3875 523 3936 527;
553 3873 664 3926 Wiener
689 3870 802 3924 Studien
820 3871 872 3936 IV,
893 3871 956 3935 169;
986 3870 1128 3937 Suringar,
1156 3869 1219 3924 hist.
1239 3871 1322 3924 schol.
1342 3871 1381 3936 Il,
1402 3872 1467 3936 197;

329 3935 465 3996 Ribbeoks
482 3942 678 4009 Prolegomena
694 3959 719 4010 p.
739 3940 780 3994 88.

279 4021 281 4028 '
402 4012 444 4081 17]
469 4013 558 4065 dieser
584 4011 735 4065 Absohluss
768 4009 816 4062 des
842 4009 965 4063 Artikels
998 4010 1065 4064 iiber
1088 4007 1184 4076 Vergil
1209 4008 1263 4062 und
1286 4009 1371 4062 damit
1385 4008 1468 4061 ,auch

331 4082 378 4134 des
397 4081 577 4161 eigenthohen
595 4080 728 4146 Dialogus
746 4096 827 4158 super
852 4082 1017 4132 auctores
1039 4079 1078 4132 ist
1095 4078 1139 4132 ein
1156 4082 1243 4132 etwas
1260 4078 1468 4144 gewaltsamer;

331 4167 361 4203 es
379 4151 576 4289 bggpngtglgeppt
589 4147 817 4280 Vimdthtl,qlV]
837 4148 1172 4337 dle'dscdhidlhephthbshempd]
1192 4233 1213 4268 s.
1233 4215 1301 4269 oben
1319 4217 1360 4280 57,
1381 4217 1421 4269 16.

326 4289 503 4427 perfiiifietslpir.
523 4319 555 4328 -
573 4288 646 4357 neg]
665 4286 726 4341 Gal.
736 4287 760 4350 5,
772 4287 815 4339 16:
834 4287 937 4354 spiritu
956 4287 1090 4340 oarhulutc
1109 4292 1133 4339 et
1164 4284 1285 4338 calderia
1305 4286 1470 4338 ceraunon
