3316 5170
685 383 898 438 „75-

225 557 359 608 tenacem
385 549 517 608 animum
541 550 611 622 veri,
635 549 702 609 falsi
725 549 847 610 tedium.
891 549 928 608 In
959 549 1095 611 libertate
1127 551 1224 610 vocati
1255 571 1364 623 sumus,

226 634 330 694 studiis
352 634 526 695 liberalibus
548 638 609 715 regi
633 647 732 696 nostro
755 624 941 696 serviamus'

313 722 352 781 I).
375 721 463 782 Itane
475 722 613 783 dabimus
636 743 756 802 operam
778 722 1048 801 apprehendendae
1070 723 1243 784 dialecticae
1259 734 1367 784 cetera·

225 828 349 886 rumque
371 807 611 887 disciplinarum,
645 830 712 870 cum
750 809 874 868 stultam
905 811 1009 870 mundi
1032 812 1208 889 sapientiam
1231 810 1368 872 Christus

227 895 274 954 dei
296 895 391 955 virtus
423 905 452 955 et
485 897 633 974 sapientia
663 895 765 956 fecerit
787 905 816 955 et
837 895 972 969 Paulus,
1002 899 1053 976 qui
1087 897 1265 976 sapientiam
1292 897 1404 958 intera

227 981 371 1060 perfectos
387 981 526 1059 loquitur,
549 981 626 1040 nihil
642 983 700 1041 nisi
719 982 870 1043 Christum
896 992 924 1042 et
940 983 1020 1043 hunc
1042 983 1217 1044 crucifixum
1234 984 1367 1044 noverit?

314 1069 356 1126 Μ.
379 1067 441 1143 Qui
465 1069 496 1126 in
520 1068 638 1130 Christo
660 1068 896 1147 philosophatur,
919 1069 1093 1130 liberalibus
1121 1070 1227 1129 studiis
1254 1089 1369 1148 semper

228 1153 361 1214 eruditur
393 1163 423 1214 et
444 1155 539 1214 victor
567 1156 705 1215 vitiorum
730 1156 839 1215 transit
866 1157 896 1212 in
927 1156 1094 1216 libertatem
1116 1156 1260 1228 filiorum3
1292 1156 1367 1216 alias

228 1239 304 1299 nihil
327 1240 458 1319 proderit
481 1241 535 1300 tibi
557 1242 588 1300 in
611 1252 722 1320 septem
745 1241 919 1302 liberalibus
935 1242 1100 1321 disciplinis
1116 1242 1196 1303 ultra
1214 1242 1287 1302 alios
1302 1262 1368 1321 pro·

228 1327 346 1405 gressio,
369 1329 394 1387 si
417 1326 513 1387 cultor
534 1329 678 1388 viciorum
700 1338 831 1388 extremo
853 1338 882 1388 te
905 1329 1085 1390 summiseris
1108 1329 1236 1390 servitio.
1378 1344 1406 1387 10

315 1414 354 1472 I).
385 1413 477 1473 quta
499 1414 555 1474 hoc
578 1414 657 1493 quod
679 1424 850 1493 prosecutus
872 1435 918 1487 es,
946 1415 1064 1476 videtur
1085 1415 1158 1474 mihi
1181 1435 1283 1476 servus
1306 1435 1368 1476 csse

230 1500 266 1560 ad
280 1500 354 1560 vitia
378 1501 516 1578 propriae
532 1501 612 1561 vitae
634 1502 815 1580 prostitutor,
838 1500 913 1561 liber
928 1502 1071 1562 virtutum
1095 1511 1218 1562 amator.
1240 1499 1369 1579 'thuid

228 1587 318 1665 igitur
331 1588 472 1665 proponis
490 1587 577 1646 nobis
601 1588 731 1647 studium
747 1587 960 1666 philosophiae,
986 1589 1011 1648 si
1024 1588 1083 1647 alio
1104 1588 1192 1648 modo
1211 1608 1368 1665 possumus

230 1673 352 1733 excitari
376 1673 413 1732 ad
437 1673 651 1734 dinoscentiam
674 1673 722 1734 vel
745 1682 822 1734 certe
845 1673 957 1734 cultum
981 1676 1083 1734 mortis
1106 1683 1136 1734 et
1157 1675 1256 1736 vitae?

318 1761 360 1818 Μ.
383 1759 551 1838 Utrumque
573 1761 751 1838 persuadeo,
781 1771 816 1820 ut
837 1761 1001 1839 sapientiae
1029 1761 1134 1820 studiis
1157 1759 1319 1822 exercearis
1342 1768 1408 1820 etrs

230 1846 391 1906 virtutibus
429 1846 646 1925 consequendis
668 1868 706 1907 ex
733 1848 805 1926 ipsis
839 1847 944 1906 studiis
977 1847 1191 1926 philosophicis
1226 1846 1370 1919 inciteris3

231 1932 356 1992 multum
380 1933 457 1992 enim
479 1933 601 1993 inferior
622 1935 771 2012 sapientia
792 1942 869 1993 recte
892 1934 1029 1993 ordinata
1052 1934 1091 1993 ad
1110 1934 1288 2012 superiorem
1304 1953 1372 1992 con·

231 2019 313 2078 ducit
335 2027 365 2078 et
387 2039 489 2080 omnes
524 2030 602 2080 artes
629 2021 782 2080 naturales
805 2019 925 2080 divinae
947 2021 1089 2081 scientiae
1119 2019 1318 2091 famulantur,
1347 2021 1371 2079 si

232 2126 363 2184 congrua
379 2105 586 2166 distributione
603 2107 641 2166 ad
658 2107 808 2167 cardinem
825 2127 911 2166 suum
932 2107 1013 2166 unde
1023 2107 1186 2186 procedunt
1195 2105 1370 2170 referantur.

318 2192 357 2250 Ι).
380 2191 523 2253 Ordinem
545 2193 635 2252 istum
658 2194 732 2254 scire
753 2192 895 2253 desidero.
1380 2209 1409 2252 ao

319 2279 361 2338 Μ.
384 2278 492 2338 Dicam
508 2280 685 2339 sententiam
701 2280 857 2340 cuiusdam
873 2279 1074 2358 probatissimi
1089 2280 1291 2358 grammatici:
1315 2278 1371 2338 sub

232 2385 266 2424 eo
289 2385 387 2433 sensu,
412 2366 463 2444 qui
486 2376 530 2425 est
552 2367 582 2424 in
599 2366 815 2444 significatione
830 2386 936 2427 vocum
953 2366 990 2425 ad
1007 2386 1062 2438 res,
1085 2367 1252 2426 continetur
1267 2386 1371 2425 sensus

233 2450 409 2523 historialis,
442 2453 489 2511 cui
512 2451 700 2511 famulantur
722 2462 779 2512 tres
807 2453 965 2512 scientiae:
994 2453 1190 2530 grammatica
1216 2452 1373 2512 dialectica

233 2537 391 2608 rethorica3
414 2558 501 2616 porro
524 2538 579 2598 sub
603 2559 636 2598 eo
656 2559 752 2612 sensu,
775 2540 826 2617 qui
849 2539 947 2598 estin
970 2538 1186 2616 significatione
1208 2559 1303 2598 rerum
1333 2538 1372 2598 ad

232 2623 316 2684 facta
342 2625 472 2697 mistica,
499 2625 667 2685 continetur
696 2624 850 2704 allegoria,
882 2624 965 2684 aliud
993 2625 1071 2684 enim
1101 2625 1209 2684 dicitur
1238 2635 1267 2684 et
1289 2624 1408 2686 aliudat

234 2709 423 2789 intelligitur,
455 2720 484 2770 et
513 2711 568 2771 sub
591 2732 625 2771 eo
648 2731 753 2784 sensu,
781 2712 832 2790 qui
855 2712 952 2771 estin
976 2711 1192 2789 significatione
1213 2731 1311 2770 rerum
1334 2711 1373 2770 ad

233 2796 372 2856 facienda
400 2797 529 2870 mistica,
560 2798 728 2858 continetur
757 2798 923 2876 tropologia
944 2806 974 2858 et
995 2798 1042 2857 his
1064 2797 1182 2857 duobus
1204 2797 1281 2858 idest
1303 2797 1374 2857 alle·

233 2883 350 2962 goricae
372 2893 402 2942 et
423 2884 624 2962 tropologicae
646 2884 834 2944 famulantur
860 2884 1045 2944 arihtmetica
1072 2885 1185 2944 musica
1215 2885 1374 2962 geometria

234 2979 264 3029 et
286 2971 467 3030 astronomia
489 2981 518 3030 et
540 2970 663 3049 phisica.
688 2971 724 3030 In
748 2971 871 3030 caeteris
894 2971 984 3050 igitur
1007 2971 1159 3049 scripturis
1183 2970 1264 3031 solae
1287 2991 1373 3032 voces

234 3055 446 3134 significantur,
469 3058 500 3115 in
524 3058 672 3136 scriptura
694 3057 797 3117 divina
819 3078 881 3116 non
903 3057 1000 3118 solum
1023 3077 1118 3130 voces,
1141 3057 1192 3117 sed
1216 3059 1305 3117 etiam
1328 3077 1410 3119 resno

235 3142 449 3222 significativae
472 3153 551 3216 sunt,
574 3145 710 3222 quamvis
732 3164 794 3203 non
817 3145 848 3202 in
871 3143 1017 3204 omnibus.
1063 3143 1148 3204 Sicut
1169 3143 1258 3222 igitur
1280 3143 1310 3202 in
1340 3163 1374 3203 eo

306 3312 348 3381 12]
366 3312 581 3392 prostitutorum.
808 3312 989 3382 23scientiae]
1008 3313 1166 3367 sentcntiae.

306 3382 387 3434 ‘th
407 3382 521 3451 duobus]
541 3381 574 3434 in
591 3380 634 3434 his
654 3381 765 3434 duobus,

323 3520 348 3589 1]
368 3519 456 3574 Galat.
476 3522 499 3585 5,
520 3521 563 3573 13:
583 3537 629 3573 oos
646 3521 716 3572 caria
735 3522 765 3571 iu
783 3521 930 3572 libertatem
948 3521 1037 3573 oocotr'
1056 3520 1127 3573 rstr's.

323 3590 383 3658 iffi]
402 3591 422 3642 I.
443 3589 589 3643 Corinth.
609 3591 631 3654 1,
651 3590 698 3643 20:
717 3605 803 3642 rsonae
820 3591 931 3642 stultum
946 3591 1012 3643 t‘ccr't
1029 3588 1095 3641 deas
1112 3588 1274 3656 sapientiam
1292 3587 1375 3638 buius

235 3657 351 3710 arraudi?
374 3660 396 3722 1,
416 3660 463 3712 24:
486 3660 622 3712 Ultrr'stum
648 3659 692 3710 dei
713 3660 839 3711 uirtutem
863 3665 888 3710 et
910 3658 955 3710 dci
978 3660 1143 3726 sapientiam
1167 3657 1232 3726 [vgl.
1257 3657 1325 3709 oben
1347 3654 1374 3708 S.

235 3727 276 3791 43,
299 3728 338 3797 1];
371 3728 400 3792 2,
426 3729 456 3782 6:
483 3730 647 3796 sapientium
673 3735 761 3780 artem
786 3728 921 3795 loquitari·
945 3728 1016 3780 inter
1035 3729 1180 3796 perfectos3
1215 3727 1245 3791 2,
1265 3726 1297 3778 2:
1320 3742 1375 3777 non

236 3797 459 3930 entarfir'udr'cooi
477 3814 515 3850 ure
538 3799 608 3850 scir-c
633 3797 741 3865 alr'quid
766 3798 837 3850 r'ntcr
855 3813 902 3850 uos
920 3798 976 3849 nisi
996 3798 1086 3850 lesum
1106 3797 1243 3850 Christum
1262 3800 1287 3848 ct
1303 3795 1375 3847 ltu-nc

236 3881 309 3918 cruci
333 3883 405 3919 autri.

308 3936 419 4004 ²1prob.
438 3935 564 4004 gramm]
590 3935 653 3988 sehr
675 3935 784 3988 ahnlich
810 3935 847 3988 ist
870 3952 928 3988 was
952 3935 1047 4000 Hugo
1074 3934 1112 3986 dc
1136 3933 1160 3986 S.
1179 3931 1322 3985 Victore
1347 3931 1375 3984 in

236 4002 339 4057 soinem
358 4004 548 4069 didascalicon,
568 4005 659 4072 Migne
680 4005 735 4070 176,
755 4005 804 4058 789
823 4005 850 4057 ff.
868 4007 1007 4070 vortrtgt;
1033 4022 1055 4056 n.
1075 4004 1106 4056 B.
1124 4021 1149 4072 p.
1169 4001 1219 4055 789
1237 4001 1292 4053 und
1310 4001 1375 4053 799:

237 4073 361 4136 historio,
381 4075 522 4142 allegoria,
540 4074 700 4142 tropologia.

307 4144 350 4217 25]
369 4144 424 4210 vgl.
443 4143 511 4196 oben
530 4145 569 4207 72,
588 4143 630 4197 29.

308 4213 351 4282 29}
369 4213 424 4279 vgl.
444 4211 485 4275 38,
505 4212 535 4265 11
555 4213 582 4264 ff.
603 4211 658 4265 und
676 4212 770 4278 Hugo
795 4211 833 4263 de
852 4210 877 4265 S.
896 4211 986 4264 Vict.
1011 4211 1047 4264 Μ.
1068 4211 1130 4274 176,
1150 4209 1213 4262 79οε
1238 4206 1375 4262 sciendum

235 4285 275 4409 pst
293 4283 374 4334 etium
392 4283 463 4349 quod
482 4282 512 4332 ia
531 4281 624 4335 divr'no
643 4283 747 4349 eloquio
767 4297 819 4332 non
838 4286 942 4333 tontum
961 4280 1050 4346 uerbo,
1069 4279 1115 4332 scd
1133 4280 1216 4332 etima
1233 4293 1275 4330 res
1292 4278 1377 4346 signi·

246 4365 318 4402 acore
335 4351 439 4404 lrabeat.
