3316 5170
669 363 930 461 -83-n

206 532 406 612 Amphionem
435 541 464 592 et
492 531 653 610 Orpheum.
699 532 921 592 Astronomiam
951 554 1021 595 vero
1050 535 1138 613 primi
1160 534 1274 613 Egiptii
1296 535 1340 593 in-

201 629 355 691 venerunt,
379 617 569 696 astrologiam
592 616 718 678 Chaldei
742 617 911 680 docuerunt.

287 706 326 766 Ι).
355 705 440 765 Licet
470 705 501 762 in
532 703 579 763 his
611 701 819 784 seculalribus
849 703 1015 784 disciplinis
1050 704 1147 766 latens
1175 705 1340 766 obscuritas
1351 703 1414 798 ssffii

200 792 359 872 perplexae
381 791 521 852 scientiae
536 801 648 851 mentes
665 790 847 852 studentium
864 792 995 871 quadam
1011 791 1160 852 interdum
1175 792 1342 854 confundat
1410 857 1419 873 x

201 878 342 958 caligine,
374 898 411 938 ne
439 877 554 956 possint
582 876 723 938 interiora
752 898 852 938 eorum
886 886 1055 958 penetrare,
1090 877 1129 938 ad
1163 879 1363 957 capiendamo

201 975 304 1042 tamen
334 964 455 1025 divinae
486 965 616 1043 paginae
649 963 827 1041 sapientiam
863 965 1012 1038 altiorem,
1046 973 1079 1024 ut
1112 963 1265 1043 praefatus
1300 986 1341 1039 es,

203 1051 312 1132 gradus
334 1050 422 1110 huius
445 1049 612 1128 sapientiae
634 1050 723 1110 etiam
743 1052 926 1112 necessarius
950 1060 1001 1112 est.

289 1140 333 1197 Μ.
356 1137 422 1209 Dic,
444 1156 563 1215 quaeso,
585 1137 683 1216 legisti
707 1136 870 1216 aliquando
893 1137 1053 1217 spoliatam
1069 1137 1212 1217 Egiptum
1237 1137 1275 1198 ab
1297 1138 1341 1198 Is·

200 1224 332 1284 rahelitis
353 1244 436 1283 mare
458 1223 634 1296 transituris,
659 1235 765 1283 terram
788 1225 1022 1304 repromissionis
1046 1224 1239 1302 ingressuris?

286 1312 325 1370 I).
349 1310 450 1370 Huius
473 1310 514 1369 rei
537 1309 713 1370 miraculum
743 1310 820 1371 sicut
841 1320 963 1372 actenus
993 1309 1131 1370 omnibus
1160 1311 1267 1371 seculis
1295 1311 1376 1372 in-ro

201 1397 330 1470 solitum,
353 1397 394 1456 sic
416 1395 501 1455 nullo
523 1395 622 1456 seculo
645 1396 703 1456 nisi
725 1395 815 1456 fallor
836 1395 1029 1478 incognitum.

287 1485 330 1543 M.
353 1483 494 1554 Putasne,
517 1482 554 1542 de
577 1503 650 1543 auro
673 1482 720 1543 vel
742 1493 872 1563 argento
895 1484 975 1564 quod
998 1483 1100 1544 divino
1129 1483 1271 1544 mandato
1295 1505 1339 1544 as·

199 1577 401 1649 portaverant,
409 1569 469 1628 iam
485 1567 620 1630 libertate
635 1569 737 1630 donati
751 1570 946 1631 tabernaculo
960 1571 1006 1631 his
1021 1570 1179 1651 praecipue
1191 1570 1339 1648 spetiebus

201 1655 374 1716 exornando
397 1654 511 1733 aliquid
533 1655 718 1716 offerebant?
1136 1650 1145 1660 ’

286 1744 324 1802 Ι).
343 1741 427 1802 Hinc
449 1750 532 1820 patet
553 1762 601 1802 eos
624 1741 774 1816 obtulisse,
798 1743 869 1822 quia
892 1763 950 1804 non
974 1743 1082 1822 legitur·
1105 1764 1211 1804 aurum
1232 1743 1374 1822 spolia-15

202 1837 264 1889 tum
288 1829 328 1889 ab
352 1849 424 1888 auro
446 1829 564 1908 proprio
587 1829 626 1887 in
641 1829 687 1889 his
710 1830 841 1890 donariis
865 1829 959 1909 legem
983 1831 1148 1891 secrevisse.

285 1917 328 1975 M.
351 1915 479 1976 Ornavit
501 1915 591 1994 igitur
614 1935 718 1976 aurum
740 1916 819 1981 istud
844 1915 1069 1977 tabernaculum
1084 1916 1214 1977 mirificis
1233 1918 1340 1996 specie-

200 1997 256 2062 bus
279 2002 311 2061 in
334 2001 447 2062 deserto
472 2021 525 2081 per
548 2022 579 2062 se
601 2002 649 2062 vel
672 2011 734 2063 arto
756 2002 904 2075 decorum,
928 2023 982 2064 nec
1004 2003 1101 2064 obfuit
1122 2004 1255 2065 offerenti
1278 2025 1340 2065 rem

199 2108 259 2148 non
282 2109 374 2161 suam,
397 2108 488 2167 quam
511 2088 598 2150 scivit
621 2088 659 2148 ab
678 2088 789 2150 artifice
804 2090 864 2150 suis
879 2089 951 2150 locis
969 2090 1118 2169 sapienter
1132 2091 1162 2150 in
1179 2091 1339 2151 ministerio

202 2174 249 2235 dei
272 2175 480 2236 ordinandam.
1347 2192 1374 2235 20

287 2263 325 2322 Ι).
348 2261 518 2334 Verissime,
542 2261 593 2322 sed
616 2262 688 2341 quid
710 2282 762 2342 per
779 2262 835 2322 hoc
859 2283 964 2322 aurum
987 2263 1125 2324 intendas
1147 2265 1260 2343 ignoro
1328 2271 1337 2282 “

290 2349 333 2407 Μ.
364 2347 536 2408 Literatura
573 2347 715 2409 secularis
759 2350 791 2408 in
831 2349 943 2428 pulcris
979 2349 1077 2410 verbis
1114 2359 1144 2410 et
1185 2349 1337 2411 sententiis

199 2433 353 2493 metallum
377 2443 422 2494 est
444 2433 609 2513 Egiptiacis
631 2454 691 2494 non
714 2435 849 2513 ignotum
864 2437 954 2495 immo
970 2436 1205 2515 acceptissimum
1221 2435 1335 2499 incolis.

198 2519 274 2580 oum
296 2520 387 2599 igitur
408 2527 437 2580 te
458 2529 569 2598 tuaque
591 2519 645 2580 deo
667 2520 826 2594 obtuleris,
856 2521 997 2600 quicquid
1027 2524 1058 2581 in
1080 2531 1109 2583 tc
1130 2532 1231 2583 manet
1252 2523 1337 2584 disci·

198 2603 301 2684 plinae
323 2606 370 2669 vel
393 2614 563 2684 assumptae
584 2605 633 2667 vel
659 2607 806 2668 naturalis
836 2607 946 2668 divinis
969 2609 1108 2669 convenit
1134 2609 1281 2682 donariis,
1312 2611 1336 2670 si
1344 2624 1371 2668 25

198 2691 254 2753 hoc
275 2693 352 2754 iuste
375 2701 476 2754 sancte
498 2692 621 2754 discrete
643 2693 708 2754 loco
731 2714 785 2754 suo
808 2694 856 2756 vel
871 2703 1003 2774 tempore
1018 2695 1057 2754 ad
1072 2695 1207 2756 divinum
1223 2696 1337 2757 cultum

197 2779 390 2840 ordinaveris.
419 2779 526 2839 Restat
547 2800 628 2840 nunc
649 2781 680 2839 in
703 2780 784 2841 calce
806 2781 900 2841 nostri
923 2782 1034 2860 dialogi
1057 2802 1133 2860 quae
1156 2783 1217 2842 sint
1237 2792 1336 2862 partes

196 2864 401 2945 philosophiae
422 2867 578 2944 perpaucis
602 2867 763 2940 ostendere,
786 2867 866 2946 quod
888 2876 1007 2929 constat
1028 2888 1082 2928 nos
1105 2869 1136 2927 in
1158 2867 1255 2929 fronte
1274 2889 1337 2930 sus-

173 2948 175 2952 ’
197 2961 300 3031 ceptae
322 2952 490 3013 collationis
512 2953 653 3032 posuisse.

282 3040 321 3099 Ι).
343 3039 478 3099 Partium
502 3040 582 3098 enim
605 3040 758 3100 distinctio
781 3040 876 3100 tocius
898 3039 979 3100 unde
1001 3049 1101 3120 partes
1125 3050 1264 3102 constant
1275 3042 1371 3102 clu-ao

198 3125 306 3186 cidatio
328 3134 384 3198 est;
407 3125 455 3185 dic
477 3145 555 3204 ergo,

283 3213 326 3271 Μ.
349 3211 387 3271 In
410 3221 468 3271 tres
492 3221 593 3290 partes
616 3211 809 3292 philosophia
831 3213 1038 3292 distinguitur:
1062 3215 1092 3272 in
1115 3214 1241 3293 logicam
1258 3235 1335 3293 quac

196 3297 350 3359 rationalis
372 3297 487 3370 dicitur,
511 3299 541 3356 in
565 3298 712 3378 phisicam
734 3320 810 3378 quae
831 3299 979 3360 naturalis
1002 3300 1124 3374 dieitur,
1154 3302 1184 3361 in
1207 3300 1334 3361 ethicam

266 3491 294 3528 1⁰
306 3486 387 3554 sicut]
407 3485 455 3539 sic.
820 3481 862 3555 tt]
881 3488 1053 3542 exornandis.

267 3559 294 3596 18
306 3572 354 3624 per
372 3554 412 3622 se]
431 3571 555 3622 persona.
818 3560 846 3598 19
859 3557 952 3625 quam]
971 3575 1031 3626 qua.

264 3623 306 3693 26]
325 3624 394 3691 iuste
413 3629 457 3693 sce
476 3625 599 3678 discreta
819 3625 861 3694 ³⁰]
881 3629 995 3680 constat.

282 3779 336 3829 aut
353 3777 493 3845 praefatus
513 3778 554 3846 es]
572 3776 628 3844 vgl.
648 3778 714 3830 oben
735 3778 775 3840 75,
796 3777 841 3840 17;
861 3778 902 3841 76,
923 3778 962 3830 18.

281 3845 306 3914 8]
326 3844 458 3898 Exodus
477 3845 500 3910 3,
512 3847 557 3899 22:
573 3846 724 3914 postulabit
741 3847 838 3899 rnulier
856 3847 984 3901 aricino
1002 3863 1053 3900 sua
1074 3868 1108 3890 a
1127 3865 1193 3903 vasu
1207 3856 1334 3919 argentea

194 3919 218 3967 et
235 3929 320 3967 aurea
339 3931 371 3968 ce
389 3920 473 3967 uestes
492 3944 525 3958 —
546 3920 571 3967 et
588 3915 742 3983 spoliabitis
759 3915 922 3984 Aegyptum.

264 3984 438 4106 {gpptfaffi
452 3985 577 4120 sggl‘lssg.
605 3989 661 4108 Ut?
671 3987 776 4108 ppulgt
794 3985 862 4054 arg]
881 4001 903 4038 s.
922 3986 963 4049 79,
982 3986 1016 4039 24
1032 3987 1088 4040 und
1105 3987 1222 4055 Anmkg.
1242 3989 1283 4053 66,
1302 3991 1325 4044 5.

263 4121 418 4244 3⁰p'Bern.
438 4054 525 4192 irai}
545 4095 681 4191 epactalis
690 4095 818 4192 partibus
830 4126 977 4192 iptzoratar
990 4129 1085 4189 totum3
1103 4123 1183 4192 Hugo
1193 4145 1219 4180 v.
1232 4127 1331 4181 Trimb.

195 4191 310 4330 meib]
323 4190 418 4323 liiii,
447 4278 483 4313 or.
509 4261 546 4326 Il,
572 4261 618 4326 24,
644 4261 672 4314 3:
699 4261 888 4330 philosophice
912 4263 1012 4330 species
1037 4263 1173 4330 tripertita
1197 4270 1248 4318 eat:
1276 4281 1333 4318 utra

195 4329 332 4382 naturalia
353 4347 379 4380 μ
393 4331 511 4398 physica
533 4348 575 4395 a,
608 4331 694 4384 attero
721 4333 833 4384 cierat-is
855 4355 880 4381 μ
899 4331 984 4385 ethica
1003 4349 1043 4397 μ,
1079 4333 1159 4386 tertio
1186 4335 1332 4387 rationalis
