3316 5170
672 389 885 446 „43-

201 557 233 616 in
261 558 318 617 hac
341 557 408 617 vita
431 557 591 618 iocundius
614 555 722 618 utilius
745 557 881 629 felicius,
917 557 999 635 quia,
1028 579 1093 618 cnm
1124 559 1166 618 sit
1194 557 1346 620 ‘Christus

201 647 302 704 virtus
324 643 373 705 dei
397 649 429 704 at
449 643 620 722 sapientia’,
644 644 696 721 qui
718 643 829 705 virtuti
849 643 952 704 studet
971 652 1002 705 et
1023 646 1201 722 sapientiae,
1224 646 1346 706 videtur

203 730 359 790 Christum
386 751 446 792 non
474 732 571 792 solum
602 751 744 809 quaerere
782 732 833 792 sed
864 731 957 790 ctiam
987 731 1151 809 possidere.
1208 733 1346 810 Denique

202 817 376 880 intentio
400 819 464 879 eius
495 824 542 878 est
564 818 708 880 lectorem
739 817 777 878 ad
805 818 909 878 mundi
941 824 1147 897 contemptum
1180 820 1344 890 exhortari,

202 905 281 965 vitia
304 905 467 978 detestari,
494 907 625 966 virtutes
654 905 753 966 c'clere
784 910 815 965 et
847 904 944 965 modis
967 906 1105 966 omnibus
1127 907 1220 966 seculi
1247 907 1365 967 futuri&

202 991 315 1070 gandia
345 993 460 1052 sanctis
491 993 625 1053 moribus
656 998 808 1070 appetere.
854 993 900 1052 Dc
930 1013 1043 1052 causa
1072 993 1198 1053 finali
1223 994 1344 1054 lectoris

201 1081 355 1157 profectus
378 1079 579 1157 exquirendus
602 1084 659 1153 est,
683 1082 732 1157 qui
756 1079 782 1139 si
805 1100 842 1140 ex
863 1079 994 1140 lectione
1015 1100 1076 1140 non
1099 1081 1235 1158 proficit,
1265 1081 1346 1142 sicut

201 1186 287 1226 cecus
310 1167 444 1238 necessit,
466 1167 510 1226 sic
534 1185 620 1227 cecus
642 1167 767 1226 recedit.
850 1214 858 1232 .

288 1253 327 1312 Ι).
349 1251 567 1315 Indubitanter
598 1254 694 1313 habeo
726 1253 836 1314 mentis
869 1255 1017 1316 humanae
1047 1253 1147 1314 lumen
1177 1253 1265 1314 verbi
1295 1253 1344 1314 dei

202 1359 266 1398 esse
290 1340 574 1418 participationem
610 1341 737 1401 verbum
766 1340 847 1401 enim
877 1342 927 1403 dei
949 1344 1003 1403 lux
1026 1341 1180 1402 hominum
1204 1346 1261 1413 est,
1294 1341 1412 1425 seda,

200 1427 345 1504 numquid
369 1429 458 1498 nosti,
482 1427 670 1488 auctoriate
693 1427 760 1505 quis
783 1429 831 1489 vel
855 1429 933 1490 unde
956 1428 1073 1489 fueriti

287 1515 329 1572 M.
352 1514 575 1592 Aequitanicus
608 1513 669 1573 fuit
702 1515 781 1576 idest
811 1515 847 1575 de
874 1515 1047 1594 Aquitania
1077 1511 1252 1593 provincia,
1285 1513 1346 1574 fuit

200 1605 301 1659 autem
316 1602 448 1680 Prosper
469 1601 549 1662 idem
572 1620 707 1662 sermone
730 1602 918 1680 scolasticus,
942 1602 1162 1663 assertionibus
1183 1600 1346 1661 subtilissi-

199 1706 265 1746 mus
282 1692 313 1747 et
333 1689 430 1748 multa
451 1689 654 1766 composuisse
667 1687 781 1748 dicitur
801 1689 880 1749 idest
897 1691 1048 1750 cronicam
1066 1709 1084 1748 a
1103 1689 1195 1767 primi
1214 1687 1345 1748 hominis

200 1773 374 1834 conditione
392 1795 486 1852 usque
509 1775 548 1834 ad
563 1775 679 1836 obitum
693 1776 908 1836 Valentiniani
925 1775 1059 1854 Augusti
1083 1781 1114 1835 et
1129 1774 1344 1852 captivitatem
1353 1787 1379 1829 15

199 1860 284 1919 urbis
312 1861 428 1922 Romae
458 1883 477 1921 a
510 1861 652 1923 Geserico
683 1862 903 1923 Wandalorum
940 1884 1011 1942 rege
1043 1862 1166 1924 factam.
1222 1861 1345 1923 Floruit

200 1949 386 2024 temporibus
411 1968 508 2026 papae
531 1949 660 2019 Iasonia,
695 1949 773 2027 quod
796 1971 850 2029 per
878 1954 933 2011 hoc
957 1950 1161 2028 cognoscitur,
1186 1950 1258 2026 qnia
1281 1948 1344 2008 eins

199 2033 282 2093 iussu
305 2037 556 2096 contraEuticen
579 2036 728 2113 epistulae
750 2037 865 2096 multae
888 2039 926 2097 ab
950 2058 984 2098 eo
1008 2037 1143 2098 dictatae
1164 2037 1344 2114 probantur,

287 2138 394 2212 Super
408 2137 624 2201 Thecdclum.
649 2139 719 2222 (M.)
744 2141 917 2202 Theodolus
932 2161 950 2201 a
966 2141 1153 2202 Christianis
1165 2141 1343 2220 parentibus

198 2231 288 2286 natus
317 2246 391 2304 puer
419 2228 452 2287 in
476 2227 571 2286 Italia
600 2228 723 2287 adultus
753 2229 785 2287 in
808 2227 921 2290 Gracia
949 2229 1082 2302 studuit;
1115 2229 1222 2290 doctus
1244 2228 1378 2305 igiturac

460 2367 511 2374 ..—

286 2427 311 2566 ip
331 2429 350 2481 Ι.
371 2427 430 2482 Cor.
451 2429 474 2494 1,
493 2430 534 2482 24.

331 2497 365 2550 '1¹
383 2498 428 2551 1¹²:
452 2500 565 2552 irrteutio
583 2515 634 2553 suu
652 2506 690 2554 est
707 2515 755 2553 uos
773 2500 879 2552 berturi
898 2517 998 2554 sumere
1016 2499 1108 2554 studio
1132 2501 1267 2570 despicere
1291 2507 1342 2555 ter·

198 2581 269 2624 reue.
285 2573 310 2620 et
328 2573 402 2620 caeto
421 2568 500 2622 corde
518 2569 706 2638 concupiscere
724 2569 858 2623 saetosus.

269 2635 311 2704 1⁰]
330 2636 385 2702 vgl.
405 2637 517 2691 Psalm
544 2638 604 2703 118,
631 2639 694 2692 105:
720 2639 831 2692 lucerua
856 2639 973 2706 pedibus
996 2640 1061 2692 ruris
1085 2639 1193 2693 verbum
1217 2645 1292 2693 tusum
1318 2649 1343 2694 et

199 2705 284 2757 tremere
305 2707 407 2759 semitis
423 2708 497 2761 ursis.
1032 2725 1037 2736 ’

270 2779 298 2816 12
331 2774 441 2828 Konrad
459 2776 530 2844 folgt
546 2777 718 2841 hier,-wenn
736 2797 766 2832 er
784 2779 854 2833 auch
874 2780 996 2847 ‘Aequit’
1016 2779 1149 2844 schreibt,
1175 2781 1244 2834 doch
1266 2780 1343 2834 nicht

196 2841 274 2912 jener
324 2844 445 2898 brichten
463 2845 643 2916 Etymologia
663 2849 706 2901 die
724 2848 752 2902 in
770 2849 802 2902 ΤΙ
823 2849 937 2902 '1²zum
956 2848 1102 2902 Ausdruck
1119 2851 1248 2917 gelangt:
1279 2852 1341 2903 berre

199 2913 556 2981 diciturltquituuicus
573 2919 689 2985 rupious,
710 2919 976 2986 Prosperrceutulo,
997 2919 1064 2987 qiriu
1082 2919 1156 2972 cium
1174 2920 1342 2987 equitetis

198 2981 268 3034 idest
285 2998 364 3035 cerae
381 2983 448 3048 rtdei
464 2985 542 3038 uobis
560 2986 746 3051 manifestavit
763 2989 1107 3056 prosperitatemque
1131 2989 1201 3042 idest
1223 2989 1342 3054 fructum

198 3051 328 3104 bonorum
346 3067 456 3120 operum
474 3055 596 3108 omuibus
613 3057 684 3109 huuc
703 3057 802 3110 tibrum
820 3057 968 3126 tepentibus
985 3057 1128 3112 iudicauit.

271 3121 382 3189 12-18]
402 3123 551 3189 abgekdrzt
569 3143 619 3178 aus
629 3125 841 3190 Gennadius,
859 3127 909 3180 vir.
919 3127 958 3181 ill.
969 3144 990 3180 c.
1001 3127 1042 3181 85.
1055 3129 1098 3188 (ε
1108 3128 1176 3181 Hon.
1188 3129 1339 3196 Augustod.

197 3189 231 3253 ll,
258 3189 316 3256 83);
346 3190 394 3244 das
419 3209 473 3245 von
491 3193 647 3247 Gennadius
673 3195 837 3262 gebrauchte
857 3197 1063 3250 ‘assertionibus
1086 3199 1267 3251 uerucsus’
1293 3199 1342 3252 hat

198 3258 281 3312 Konr.
300 3258 329 3311 in
348 3259 396 3312 das
414 3260 527 3315 leichter
544 3263 746 3318 verstbndliche
765 3265 873 3318 ‘subtil’
893 3266 1066 3332 abgetndert.

271 3332 300 3370 19
332 3329 399 3381 tiber
412 3330 504 3384 diesen
516 3331 636 3396 Dichter,
655 3333 765 3387 betreffs
779 3335 876 3387 dassen
885 3333 988 3388 Person
1001 3335 1055 3388 und
1065 3335 1123 3389 Zeit
1131 3336 1202 3389 noch
1211 3337 1341 3391 mancher

199 3396 297 3451 Zweife
332 3398 452 3462 bestcht,
476 3399 532 3466 vgl.
552 3401 641 3454 B'ahrs
664 3410 731 3455 rbm.
750 3402 926 3470 Lib-(iesch,
955 3405 1000 3457 Ill.
1028 3405 1162 3475 Supplem.
1192 3405 1217 3458 S.
1240 3406 1288 3460 130
1312 3408 1339 3460 ff.

198 3467 303 3519 Ausser
321 3466 373 3518 den
390 3467 418 3520 in
437 3468 484 3521 der
501 3470 630 3536 Ausgabe
648 3489 702 3524 von
720 3473 811 3525 Beck
831 3473 1084 3540 (MarburgerDiss.
1100 3473 1177 3540 1836)
1195 3475 1341 3530 benutzten

199 3535 274 3587 codd.
303 3537 403 3588 weisen
437 3538 478 3590 dic
505 3539 638 3606 Kataloge
673 3540 720 3593 der
743 3541 933 3595 Bibliotheken
965 3543 1036 3595 noch
1067 3543 1221 3596 zahlreiche
1256 3545 1341 3599 altere

198 3603 411 3740 gapppchrilten
433 3608 484 3660 mit
505 3608 561 3660 und
586 3608 656 3662 ohne
675 3610 853 3664 Kommentar
872 3613 921 3664 auf
937 3613 969 3682 (s.
989 3611 1059 3665 auch
1077 3612 1165 3665 maine
1183 3611 1340 3680 llinleitung

271 3745 365 3813 19-5]
394 3762 424 3798 es
458 3744 547 3812 liegen
579 3764 631 3800 uns
657 3746 810 3801 Parallelen
837 3768 887 3802 vor
917 3767 967 3804 aus
993 3752 1192 3819 Anonymus
1222 3751 1340 3806 Melli-

199 3813 314 3865 censis
340 3830 362 3866 c.
382 3814 426 3878 36,
454 3815 653 3869 Bernardus
672 3817 929 3887 brajacensis,
948 3820 982 3873 T¹
1001 3820 1042 3872 T2.
1078 3819 1159 3873 Diese
1178 3820 1235 3874 drei
1254 3822 1339 3876 Texta

199 3877 287 3932 haben
304 3886 385 3936 unter
403 3883 462 3937 sich
480 3885 611 3938 manches
630 3887 750 3952 gemein,
770 3904 827 3940 was
846 3888 956 3942 Konrad
975 3888 1073 3942 anders
1092 3889 1165 3956 gibt;
1191 3907 1221 3944 so
1246 3895 1340 3945 setzen
1390 3941 1392 3948 .

198 3948 238 4001 sie
248 3949 274 4002 Z.
287 3952 319 4003 19
337 3969 371 4005 zu
389 3957 395 3979 ‘
416 3952 554 4006 arentibus
565 3953 673 4008 Christ!
691 3955 762 4008 noch
783 3971 851 4020 ,recu
869 3959 998 4022 trituris“;
1017 3957 1044 4011 Z.
1055 3959 1089 4011 20
1106 3958 1195 4012 haben
1213 3959 1252 4013 sie
1272 3965 1339 4012 ‘eru-

198 4017 281 4097 ditus’l
301 4024 369 4074 statt
387 3971 507 4087 ’11111132
526 4041 560 4075 zu
577 4024 650 4088 44,1
671 4023 745 4078 steht
763 4028 832 4078 statt
850 4030 892 4080 ‘ex
911 4027 1003 4080 altere.
1018 4031 1095 4102 ⁴gent.
1115 4028 1174 4081 etc’
1194 4027 1242 4081 der
1261 4029 1339 4083 Sata:

199 4089 319 4155 ‘pectides
334 4107 394 4142 cum
410 4091 537 4154 fidelibus
555 4094 715 4146 altercantes
725 4094 836 4147 (rard-trit
853 4112 965 4163 qrrorruu
985 4098 1111 4164 celsipens
1122 4097 1243 4150 rationes
1254 4115 1341 4152 rever·-

197 4172 244 4209 sus
261 4158 292 4210 in
310 4159 482 4228 allecoricam
501 4161 551 4229 [iu
569 4161 685 4215 Italiam
704 4164 733 4216 iu-
755 4165 841 4230 alleri!
866 4165 915 4219 hat
935 4183 987 4218 nur
1006 4165 1103 4235 T1T2]
1132 4168 1245 4221 contulit
1271 4169 1340 4234 epte-

197 4243 268 4295 91111,
287 4243 368 4294 quam
386 4235 468 4282 urcrte
482 4236 648 4298 praeuentus
665 4248 718 4284 uou
737 4233 902 4288 curcurlacit’.
922 4266 955 4274 -
975 4235 1161 4301 Sigbertus
1179 4236 1339 4291 Gembla·

198 4295 319 4350 censis
343 4315 365 4350 c.
386 4298 512 4352 1341111
531 4300 572 4352 dic
591 4301 670 4354 Mitte
689 4302 825 4355 zwischen
842 4303 953 4357 Konrad
975 4304 1029 4356 und
1056 4304 1106 4357 den
1130 4305 1185 4359 drei
1208 4307 1275 4360 eben
1300 4325 1339 4359 er-

197 4365 325 4418 wahrrten
344 4366 456 4420 Texten.
