3316 5170
646 354 863 410 ..33-

177 525 327 587 hiberent.
373 522 554 584 Intendit
577 524 677 583 autem
700 521 778 583 Cato
802 523 887 583 velut
911 543 949 584 ex
970 542 1099 601 persona
1127 521 1184 582 filii
1209 522 1322 602 specia-

176 612 251 674 liter
273 632 327 690 per
357 631 431 690 opus
460 610 628 671 subiectum
658 610 846 687 generaliter
875 609 1014 672 omnihus
1036 609 1119 670 vicia
1148 609 1322 671 dissuadere

178 705 208 760 et
240 699 360 761 virilem
390 697 523 757 animum
561 697 599 756 ad
631 695 763 757 virtutes
804 696 976 758 accendere.
1029 698 1127 758 Porro
1158 696 1174 755 f
1180 702 1321 758 ructus

178 785 317 846 finalis
339 785 372 844 iu
395 783 581 846 correctione
596 803 713 844 morum
729 783 860 862 legentis
881 789 928 844 est
935 805 942 856 ;
966 783 993 844 ei
1015 783 1094 844 enim
1111 803 1171 844 non
1188 783 1321 844 imitaris

179 874 290 933 bonum
313 871 393 950 quod
416 871 500 950 legis,
524 871 641 931 frustra
664 869 797 930 studium
820 875 978 932 exercetur
999 869 1150 932 lectionis.
1180 870 1323 931 Breviter
1345 890 1359 932 a

178 959 276 1037 igitur
298 958 330 1018 iu
343 957 482 1019 omnibus
501 958 677 1019 auctoribus
690 976 754 1017 esse
772 957 894 1019 finalem
909 959 1040 1018 fructum
1057 956 1149 1018 istum
1166 957 1322 1035 intellige:
1369 964 1395 1000 ί

179 1047 206 1106 si
235 1047 387 1124 legentem
415 1044 576 1106 aversione
606 1043 753 1105 vitiorum
789 1050 820 1105 et
856 1044 998 1123 appetitu
1028 1065 1065 1104 ex
1092 1044 1160 1123 ipsa
1191 1044 1323 1106 lectione

177 1133 328 1194 virtutum
351 1132 528 1194 constiterit
549 1131 703 1209 proficere.

264 1219 303 1279 Ι).
327 1217 456 1280 Cuinam
478 1219 562 1298 parti
584 1216 799 1298 philosophiae
822 1222 948 1296 putatur
970 1223 1078 1280 auctor
1092 1216 1153 1277 iste
1173 1215 1322 1296 subponi?

264 1307 308 1365 Μ.
330 1305 469 1378 Ethioae,
493 1325 569 1384 quae
592 1304 716 1366 moralis
739 1303 861 1378 dicitur,
885 1305 957 1384 quia
979 1305 1016 1365 de
1034 1304 1168 1366 moribus
1188 1309 1322 1364 tractare
1332 1323 1359 1365 10

177 1392 309 1454 videtur.
356 1392 558 1470 Philosophia
581 1391 678 1470 enim,
710 1390 785 1452 licet
816 1391 945 1471 simplex
974 1391 1017 1452 sit
1045 1396 1076 1452 et
1105 1389 1267 1451 uniformis
1290 1391 1322 1450 in

178 1479 226 1540 sui
248 1478 448 1559 propietate,
470 1479 653 1558 dispertitur
674 1483 778 1539 tamen
799 1477 832 1539 in
855 1479 961 1552 multa,
983 1479 1104 1539 ratione
1126 1477 1323 1556 disciplinae;

178 1566 329 1628 dividitur
351 1565 450 1644 igitur
472 1567 504 1626 in
526 1566 597 1639 tria,
620 1565 652 1626 in
679 1565 812 1643 logicam
834 1565 996 1644 phisicam,
1020 1565 1128 1643 quibus
1151 1565 1216 1625 VII
1239 1569 1323 1625 artes

179 1673 256 1732 quae
284 1651 427 1714 liberales
459 1657 609 1714 vocantur
643 1653 871 1730 subponuntur,
905 1653 1005 1713 tercia
1035 1652 1138 1713 ethica
1168 1657 1217 1712 est
1242 1650 1324 1712 idest

179 1739 312 1813 moralis,
335 1739 385 1800 eui
406 1744 559 1801 tractatus
581 1741 645 1800 fere
668 1746 825 1801 auctorum
846 1739 952 1801 omnin
1005 1739 1189 1812 innituntur,
1212 1737 1265 1815 qui
1287 1739 1324 1799 de
1333 1757 1359 1799 15

180 1825 315 1887 moribus
338 1825 538 1888 instituendis
567 1827 751 1905 processisse
772 1801 968 1925 probantur!
999 1825 1117 1887 Dahis
1140 1825 1238 1903 igitur
1261 1825 1325 1886 VH

179 1913 359 1975 liberalibus
382 1913 572 1992 disciplinis¹
603 1934 679 1992 quae
702 1913 841 1991 phisicae
862 1913 1041 1991 logicaeque
1064 1933 1154 1974 cursu
1176 1913 1323 1986 feruntur,

179 2000 211 2060 in
227 2000 431 2078 sequentibus,
447 2007 482 2061 ut
494 2001 693 2079 praemissum
708 2004 764 2076 est,
779 2000 885 2078 aliqua
898 2019 954 2078 pro
966 2020 1054 2078 posse
1069 2004 1174 2061 nostro
1184 1997 1325 2077 ponenda

179 2092 265 2160 sunt;
289 2090 346 2149 hoc
361 2087 397 2148 de
412 2087 515 2148 ethica
523 2107 603 2148 nuno
616 2087 731 2148 dixisse
745 2087 907 2160 suffecerit,
931 2086 1011 2165 quod
1027 2107 1093 2148 eam
1108 2087 1159 2146 lex
1172 2085 1323 2146 naturalis

179 2175 313 2236 moribus
343 2174 521 2236 ordinandis
550 2175 704 2253 proponit.
749 2173 863 2234 Verum
895 2194 933 2234 ne
961 2193 1081 2235 morosa
1104 2173 1324 2234 sententiarum
1334 2189 1361 2230 20

178 2261 347 2340 protractio
370 2262 514 2323 lectorem
535 2261 619 2323 tedio
634 2261 803 2332 conficeret,
820 2259 897 2321 (lato
919 2261 952 2321 in
964 2261 1020 2321 hoc
1037 2280 1128 2342 opere
1144 2279 1198 2320 suo
1213 2259 1324 2321 distico

178 2347 330 2427 prooessit
350 2348 431 2408 binis
456 2348 596 2410 versibus
626 2347 883 2425 comprehendens
905 2346 1047 2426 quioquid
1064 2347 1199 2408 moribus
1220 2351 1324 2407 tenen·

178 2434 249 2494 dum
287 2434 469 2514 persuadere
505 2434 606 2496 voluit
642 2438 672 2495 ct
707 2435 784 2496 utile
827 2433 987 2512 indicavit.
1040 2434 1179 2513 Denique
1214 2454 1323 2494 nomen

179 2519 308 2581 Catonis
330 2523 368 2581 ab
390 2516 514 2599 ingenio
537 2525 669 2582 tractum
690 2529 745 2598 est,
769 2521 842 2601 quia
863 2525 950 2584 catus
972 2521 1149 2600 ingeniosus
1173 2520 1297 2582 dieitur.

267 2607 306 2667 Ι).
328 2607 462 2669 Procede
485 2608 592 2669 amodo
615 2613 647 2669 et
668 2608 822 2687 Hesopum
846 2612 975 2670 annecte
997 2607 1108 2670 Catoni
1129 2604 1396 2700 praemissoif}latt
1408 2655 1436 2699 91

265 2709 372 2784 Super
404 2711 588 2785 Hesopum.
650 2713 693 2772 Μ.
730 2713 869 2792 Hesopus
903 2713 961 2774 iste
994 2711 1107 2773 claruit
1140 2712 1173 2772 in
1206 2711 1323 2790 Fugio,

181 2798 310 2859 seculari
340 2798 500 2860 admodum
528 2799 645 2876 peritus
677 2799 820 2874 scientia;
849 2805 880 2860 et
909 2798 981 2878 qnia
1010 2799 1200 2879 propositum
1223 2799 1323 2878 poetis

269 2985 295 3054 7]
315 2985 473 3055 appetitum.

251 3055 379 3123 aeratus]
399 3058 468 3108 cato.

178 3164 290 3172 ——.-
440 3165 492 3171 -—

267 3225 293 3294 ⁵]
312 3225 367 3292 vgl.
385 3225 413 3278 in
432 3224 536 3279 (latos
555 3225 682 3278 Vorwort
699 3242 722 3278 a.
742 3242 766 3277 a.
786 3225 833 3278 O.:
856 3227 943 3294 lepore
961 3225 1032 3278 enim
1050 3231 1076 3278 et
1100 3241 1154 3280 cca
1171 3227 1324 3296 intellepeae

179 3297 440 3433 myleqlie'l'isiiher
457 3363 636 3445 Prudentius:
661 3364 777 3418 intentio
796 3370 835 3418 eet
852 3380 899 3416 noa
917 3364 1022 3418 hortari
1045 3364 1084 3417 ad
1102 3370 1251 3434 appetitam
1268 3366 1323 3420 oir-

179 3439 267 3488 totam
285 3439 311 3486 et
325 3439 502 3502 contemptam
520 3435 662 3488 victorum.

251 3503 293 3572 10]
311 3502 402 3568 leid,
427 3519 466 3556 or.
484 3503 517 3568 ll,
540 3503 581 3569 24,
602 3503 629 3556 3:
657 3503 744 3556 altera
761 3503 961 3573 (philosophiae
974 3503 1085 3572 species)
1111 3505 1228 3570 scoralia,
1254 3519 1324 3573 quoe

178 3587 273 3641 praece
292 3572 380 3625 ethico
400 3571 513 3638 dicitur,
531 3573 562 3626 io
580 3589 635 3640 qao
654 3571 686 3624 dc
703 3573 823 3624 moribus
841 3573 944 3641 opiter.

251 3644 320 3694 lflut
337 3639 478 3711 praemiss.
510 3659 532 3695 s.
552 3642 620 3695 oben
638 3641 679 3706 28,
702 3641 731 3695 11
751 3642 807 3694 und
824 3644 909 3694 unten
926 3641 968 3696 Bl.
989 3643 1039 3696 113
1058 3643 1105 3696 der
1122 3640 1310 3696 Handsehriit.

251 3714 338 3780 18pro
375 3727 438 3764 osse
455 3728 481 3764 n.
513 3728 534 3764 s.
554 3711 623 3764 oben
641 3711 682 3775 22,
704 3711 743 3763 11.

251 3729 373 3859 212οῷοἲ
392 3778 447 3859 ¹vgl.
467 3797 491 3833 z.
504 3780 548 3860 ‚Bt
560 3781 609 3834 das
627 3780 788 3859 Bestreben·
803 3780 851 3833 des
875 3779 1045 3834 Boethius
1068 3780 1097 3834 in
1115 3780 1218 3860 seinem
1235 3780 1322 3834 Werlr

178 3850 245 3902 dher
263 3848 356 3902 Musrk
375 3866 418 3902 em
437 3849 549 3902 ‘lastrdn
567 3849 677 3903 vitator’
697 3866 731 3902 zu
750 3865 817 3914 sem,
836 3849 861 3903 S.
881 3849 939 3913 246,
958 3853 990 3914 43
1009 3850 1067 3916 267,
1086 3849 1102 3903 6
1121 3850 1162 3903 ed.
1174 3849 1322 3914 Fnedlein3

151 3965 154 3975 .
178 3917 251 3984 Isid,
271 3937 309 3972 or.
328 3918 361 3982 ΙΙ,
380 3919 421 3983 21,
442 3919 471 3982 1;
490 3919 570 3986 Hugo
589 3937 614 3972 v.
634 3918 743 3984 Trimb„
762 3918 829 3986 Reg.
848 3919 881 3972 V.
902 3918 959 3972 131.

251 3988 293 4057 24]
312 3988 444 4048 isidor,
470 4005 508 4042 or.
527 3987 587 4051 XII,
606 3987 629 4052 2,
649 3987 695 4040 38:
726 4002 859 4055 caruero
877 3989 1047 4042 pentecotes
1070 3987 1141 4041 idest
1165 3987 1323 4056 iopenioeoe

180 4053 230 4108 ἀπὸ
249 4067 293 4108 τοῦ
313 4055 433 4126 adcedam
451 4056 507 4123 vgl.
527 4058 596 4110 oben
615 4055 641 4110 S.
661 4057 701 4120 32,
722 4057 738 4110 9
756 4056 799 4111 die
817 4057 898 4111 Notiz
917 4075 967 4110 aus
985 4056 1023 4109 Τ1
1041 4056 1088 4110 T².

249 4127 435 4265 {illesa
454 4125 1136 4250 Tdmltlgela⁷⁰i1¹¹dddl⁰htlillidi&
1155 4127 1196 4249 hl
1221 4197 1310 4250 Α...

178 4264 332 4319 abschnitt:
357 4236 471 4318 inanito
495 4214 555 4318 etiae
573 4270 612 4318 eat
634 4237 763 4318 delectari
786 4280 836 4318 coa
858 4265 944 4335 (Vatz
970 4264 1173 4320 delectationem
1190 4266 1267 4336 dore)
1292 4268 1322 4318 la

175 4333 281 4398 fabalia
299 4339 324 4387 ct
338 4333 466 4403 prodesse
485 4333 696 4388 incorrectione
714 4349 826 4388 moram.

1152 4422 1167 4475 3
