3316 5170
792 369 1005 425 ,46-

414 536 456 593 Μ.
480 535 542 594 Nec
564 537 685 596 ratione
713 541 805 608 caret,
836 534 916 612 qnod
947 537 979 596 iu
1011 537 1066 596 hac
1097 535 1309 596 altercationis
1341 534 1471 594 materia

327 628 465 699 pastores
488 623 741 691 introducuntur,
765 625 838 702 qnia
865 643 959 700 genus
982 621 1059 682 illud
1091 641 1207 699 semper
1230 630 1276 682 est
1299 621 1469 696 litigiosum

327 709 482 768 contraria
505 709 668 769 contrariis
690 709 850 770 iaculando
874 715 905 770 et
928 711 1048 770 alterna
1070 709 1191 769 malitia
1214 708 1263 770 vel
1295 707 1363 768 dolo
1387 709 1469 768 rixas

328 795 499 856 excitando

305 899 318 940 s
413 881 451 941 l).
474 883 578 942 Rebus
601 889 631 941 et
651 884 752 943 verbis
776 886 830 943 hoo
854 883 899 943 ita
927 903 958 943 se
981 884 1093 942 habere
1120 881 1211 942 etiam
1233 880 1340 940 divine
1355 880 1470 958 pagina

327 966 530 1038 demonstrat,
560 989 626 1028 curu
650 991 687 1030 ex
718 971 787 1030 rixa
810 976 966 1048 pastorum
989 971 1073 1030 Lobt
1102 974 1133 1028 et
1159 968 1315 1027 Abrabam
1342 988 1470 1028 comma-

327 1055 463 1114 nentium
498 1056 728 1133 propinquitate
762 1057 894 1117 debitam
929 1062 1090 1117 rennuunt.
1151 1054 1302 1131 Quotiens
1333 1062 1470 1131 pastores

327 1141 550 1201 Palestinorum
574 1163 640 1202 cnm
664 1145 761 1204 servis
783 1145 884 1204 Ysaec
908 1163 962 1220 pro
985 1149 1145 1221 puteorum
1168 1141 1258 1202 fossis
1280 1141 1397 1202 rixatos
1421 1162 1470 1202 sn·

327 1228 457 1288 divimus
481 1235 511 1288 et
533 1229 655 1289 filiabus
681 1231 847 1292 sacerdotis
871 1231 995 1291 Madian
1018 1236 1156 1308 pastores
1185 1227 1330 1288 iniuriam
1353 1229 1469 1306 fecisse,

255 1353 257 1359 -
291 1313 420 1375 rodouec
444 1335 463 1374 a
485 1317 590 1394 Moyse
613 1322 790 1378 tutarentur
812 1323 844 1378 et
868 1337 945 1395 grex
974 1337 1076 1377 earnm
1106 1316 1324 1394 adaquaretnr;
1355 1350 1395 1361 —
1419 1315 1470 1376 sed

325 1402 462 1479 procede.

412 1490 454 1548 Μ.
478 1489 613 1550 Primum
637 1491 736 1568 igitur
757 1493 789 1550 in
812 1492 868 1551 hoc
889 1509 978 1568 opere
1001 1510 1019 1549 a
1042 1491 1168 1550 docente
1190 1509 1293 1550 sensns
1316 1489 1470 1566 ponendus

326 1581 373 1634 est
397 1576 512 1648 literae,
535 1575 642 1638 deinde
671 1578 740 1655 ipsa
770 1578 862 1638 litera
885 1597 938 1656 per
968 1575 1147 1654 allegoriam
1178 1575 1371 1647 elucidanda,
1399 1575 1470 1636 iude

327 1681 381 1737 per
404 1664 611 1724 moralitatem
634 1665 702 1724 vita
724 1665 856 1743 legentis
879 1664 1077 1726 instituenda.
1124 1665 1167 1724 Et
1190 1665 1245 1725 hoc
1274 1669 1365 1734 nota,
1390 1662 1469 1738 quod

292 1768 318 1810 15
327 1747 400 1809 fides
417 1755 447 1808 et
460 1751 574 1810 veritas
591 1751 707 1811 directo
733 1771 850 1829 semper
870 1771 959 1812 cursu
977 1751 1119 1810 feruutur
1141 1756 1181 1825 et,
1199 1751 1272 1810 licet
1296 1749 1334 1809 ad
1351 1755 1469 1828 tempus

327 1835 471 1914 impediri
505 1839 696 1914 aliquomodo
727 1839 904 1913 videantur,
934 1858 1096 1914 numquam
1124 1837 1298 1906 vincuntur,
1329 1836 1408 1914 quod
1436 1837 1470 1895 in

328 1923 385 1983 hoc
401 1930 525 1983 anctore
542 1932 573 1983 et
594 1925 626 1983 in
643 1924 714 1985 aliis
730 1926 946 1986 ecclesiasticis
969 1925 1144 1984 auctoribus
1168 1925 1322 1985 rationum
1338 1923 1469 1984 veritate

326 2010 460 2070 falsitati
484 2011 706 2072 reluctantibus
730 2013 876 2090 perfacile
899 2020 946 2072 est
968 2011 1169 2072 considerare.

412 2097 451 2156 D.
474 2098 587 2174 Liquet
601 2099 691 2176 plane
706 2100 785 2176 quod
800 2099 880 2160 sicut
892 2101 999 2159 umbra
1009 2099 1077 2172 luci,
1093 2099 1136 2158 sic
1155 2099 1277 2158 falsitas
1293 2099 1470 2158 snoonmbat

290 2184 455 2243 noveritati
479 2205 603 2262 semper.

412 2271 454 2330 Μ.
478 2269 646 2332 Veniamus
667 2293 745 2332 nnnc
768 2271 806 2332 ad
822 2273 976 2332 Romanos
996 2278 1135 2332 auctores
1149 2271 1321 2344 Aratorem,
1338 2270 1470 2330 Pruden-

324 2357 409 2430 tium,
432 2358 577 2431 Tullium,
601 2359 777 2425 Salustium,
801 2359 950 2432 Boetinm,
974 2361 1138 2429 Lucanum,
1159 2358 1327 2436 Virgilium
1349 2363 1381 2416 et
1396 2357 1470 2416 Ora·

325 2445 401 2503 tium
431 2445 689 2505 modernorum
713 2446 824 2507 studiis
847 2446 993 2523 usitatos,
1026 2446 1098 2522 qnia
1129 2450 1267 2506 veterum
1300 2445 1468 2505 auctoritas

325 2531 429 2590 multis
460 2531 552 2592 aliis
582 2533 661 2593 idest
689 2532 961 2611 historiographis,
993 2533 1144 2610 tragedis,
1176 2531 1314 2609 comicis,
1347 2531 1469 2590 musicis

289 2633 380 2676 asusa
403 2620 559 2695 probatur,
583 2621 692 2697 quibus
716 2621 806 2681 certis
830 2641 867 2679 ex
890 2620 990 2680 oensis
1015 2619 1151 2680 moderni
1175 2618 1297 2678 minime
1319 2623 1455 2678 ntnutnr.

410 2706 448 2764 D.
474 2704 604 2766 Causam
628 2707 717 2766 huius
742 2707 786 2767 rei
808 2708 886 2767 scire
911 2706 1009 2783 cupio.

411 2793 453 2850 Μ.
478 2793 570 2852 Teste
599 2794 759 2854 Prisciauo
796 2794 999 2871 grammatico
1032 2799 1063 2854 et
1092 2791 1247 2854 nonnullis
1280 2792 1351 2852 aliis
1381 2791 1470 2850 multi

325 2883 398 2954 gent
385 2878 485 2938 tilium
503 2878 576 2938 libri
589 2879 768 2940 Christiana
791 2888 930 2958 tempora
946 2885 1184 2956 praecesserunt,
1208 2881 1241 2939 iu
1264 2877 1372 2956 quibus
1392 2878 1470 2938 anti·

267 2965 376 3060 qui
400 2965 502 3025 studia
525 2987 579 3026 sna
602 2969 821 3039 contriverunt,
844 2987 921 3046 quae
935 2987 995 3028 non
1009 2967 1122 3043 recipit
1144 2987 1198 3028 uec
1219 2967 1370 3045 approbat
1391 2985 1470 3024 nunc

267 3025 461 3125 aecclesia,
492 3053 563 3130 qnia
587 3054 678 3114 facile
699 3055 855 3133 respuitur
878 3074 956 3116 vana
978 3059 1009 3113 et
1032 3054 1111 3114 falsa
1139 3053 1287 3126 doctrina,
1315 3052 1403 3112 nbi
1396 3051 1470 3112 mci·

325 3139 414 3214 piunt
438 3099 603 3201 clarescere
625 3141 741 3206 divina

411 3226 449 3285 D.
475 3223 601 3304 lunge'
593 3233 698 3304 itaque
721 3227 895 3304 praemissis
918 3227 1141 3299 Aratorem,
1169 3227 1241 3305 quia
1264 3231 1313 3286 tot
1336 3231 1367 3286 et
1388 3224 1470 3284 tanti

323 3318 395 3371 snut
419 3313 490 3372 libri
519 3314 693 3392 dogmatum
724 3313 1014 3386 ecclesiasticorum,
1046 3318 1080 3374 ut
1110 3334 1169 3375 nou
1199 3313 1328 3373 multum
1358 3317 1470 3390 egeant

322 3399 467 3460 ecclesiae
490 3401 547 3460 filii
570 3402 685 3462 instrui
708 3402 847 3461 vanitate
871 3401 1017 3461 librorum
1041 3401 1214 3479 gentilium.

1156 3635 1168 3685 t
1186 3632 1235 3685 anf
1252 3632 1349 3685 Rasnr.
1384 3673 1386 3679 .

393 3565 435 3702 13]
454 3583 504 3618 vor
523 3566 599 3619 ‘dolo'
618 3567 657 3620 ist
675 3567 752 3620 ‘odio’
772 3562 1312 3686 getilgt.7lles‘pr0qinqullat1'?

412 3653 414 3658 ·
454 3638 497 3688 est
485 3634 594 3688 tlitera
613 3635 716 3689 deinde.
945 3579 975 3676 26
1009 3633 1074 3686 ‘'nsa
1093 3635 1135 3685 ste

410 3783 482 3852 1]'1n
506 3783 557 3835 den
580 3799 635 3834 von
662 3780 771 3834 Beck
764 3799 793 3832 m
819 3781 909 3834 seiner
933 3779 1133 3860 Theodnlausg.
1162 3797 1187 3848 p.
1217 3780 1233 3832 6
1260 3783 1315 3833 not.
1344 3779 1468 3834 citierten

321 3850 449 3905 Scholien
467 3850 555 3905 heiset
543 3854 614 3904 tes:
633 3865 706 3902 more
721 3857 861 3917 pastorum
886 3850 920 3902 b't
909 3849 1056 3918 tipcnttam
1080 3849 1246 3913 adinvicem,
1272 3849 1338 3916 qnia
1356 3864 1412 3902 mos
1430 3855 1469 3903 est

317 3926 384 3988 past
386 3937 468 4032 orsam
488 3927 540 3974 at
536 3936 646 4053 rerepqts
666 3918 699 3972 de
714 3919 795 3983 facili
813 3919 858 3972 le't'
835 3925 921 3988 tropen
939 3933 1020 3987 quam
1039 3918 1121 3972 cetere
1137 3888 1263 3972 libertines.

410 3964 603 4044 6Genesisl
651 3990 674 4042 7.

409 4064 421 4101 6
464 4058 687 4112 ‘toommanenia'
729 4057 838 4110 anch
831 4075 868 4110 rm
892 4057 967 4127 Spec.
998 4057 1131 4123 Virg.;‘
1137 4055 1235 4110 tutari'
1273 4054 1362 4108 hier
1354 4073 1382 4108 m
1407 4071 1468 4124 pas-

319 4127 408 4180 sivem
427 4128 515 4182 Sinna

409 4196 433 4265 7]
453 4197 567 4250 Genesis
586 4197 627 4260 26,
646 4197 694 4259 20;
714 4195 799 4250 llxod.
819 4197 842 4260 2,
864 4197 895 4250 16
913 4197 931 4250 f.

393 4271 422 4308 15
435 4283 515 4319 cursu
533 4265 594 4334 fen]
614 4283 635 4318 s.
655 4267 723 4319 oben
743 4266 768 4319 S.
789 4265 829 4328 33,
851 4266 890 4318 17.
975 4308 978 4314 .

391 4334 433 4403 19]
453 4352 474 4388 e.
494 4335 561 4388 oben
580 4353 614 4388 zu
631 4335 672 4398 45,
692 4335 708 4388 9
727 4334 769 4388 die
787 4335 921 4388 Parallele
941 4351 990 4387 ans
1009 4334 1046 4387 Tr
1061 4335 1102 4387 Tl.
