3316 5170
789 410 1004 466 ..40-

408 571 849 638 praemunierimus
879 582 981 639 noster
1003 578 1153 640 concinit:
1188 586 1261 657 ‘quo
1291 581 1385 641 semel
1407 587 1463 658 est,

320 662 473 739 inquiens,
496 663 612 723 imbuta
635 683 736 724 recens
760 665 898 724 servabit
928 664 1158 726 odorem-testa
1180 665 1262 727 din’?
1311 667 1371 729 Sed
1393 669 1465 748 quid

319 749 464 811 intendat
486 751 535 812 vel
558 771 634 828 quae
657 749 700 811 sit
723 750 786 810 eius
810 751 947 826 materia,
971 753 1106 813 breviter
1128 753 1261 818 insinua.

343 905 345 908 ¹
406 837 449 895 Μ.
472 837 651 898 Materia
674 837 738 898 eins
761 842 833 898 sunt
855 838 1001 915 quaedam
1023 839 1146 901 divinae
1168 840 1355 918 operationis
1378 862 1464 920 mag-

297 922 404 984 bnalia
432 923 497 984 sive
527 924 565 985 de
592 924 691 986 veteri
721 945 774 984 seu
809 923 845 984 de
875 945 956 987 novo
984 930 1169 988 testamento
1193 932 1350 1008 assumpta
1373 933 1404 988 et
1426 928 1464 988 ad

319 1009 522 1072 cohertionem
553 1011 603 1072 vel
636 1011 856 1072 correctionem
891 1013 1038 1074 humanae
1075 1014 1243 1091 pravitatis
1279 1015 1462 1094 conscripta.

319 1095 473 1174 Quicquid
496 1097 576 1158 enim
599 1098 632 1156 in
654 1098 810 1158 miraculis
832 1098 984 1160 divinitus
1001 1104 1102 1160 actum
1123 1106 1178 1173 est,
1198 1101 1361 1162 rationalis
1385 1122 1466 1163 crea-

318 1187 406 1243 turae
428 1203 481 1262 per
502 1185 593 1263 signa
612 1185 816 1246 sublevandae
836 1206 928 1248 causa
942 1193 996 1246 est.
1030 1188 1127 1248 Porro
1150 1187 1333 1250 intentio
1348 1189 1466 1250 Sedulii
1514 1217 1520 1226 ·

319 1274 366 1329 est
380 1269 539 1348 ydolatras
559 1273 597 1331 ab
620 1291 720 1334 errore
739 1293 793 1332 suo
813 1272 919 1333 divino
943 1272 1074 1352 quodam
1095 1279 1127 1334 ct
1148 1274 1274 1336 metrico
1298 1275 1466 1336 celeumate

283 1367 310 1410 10
319 1375 463 1418 revocare
496 1356 584 1418 iuxta
620 1358 713 1418 illud:
743 1359 828 1436 ‘quid
862 1360 1070 1433 laborintheo,
1103 1361 1270 1435 Thesidae,
1299 1363 1410 1424 erratis
1432 1363 1465 1422 in

319 1447 417 1504 antro'
442 1449 507 1517 etc,
543 1450 575 1504 et
598 1444 755 1506 studentes
778 1467 797 1506 a
819 1447 972 1523 figmentis
995 1447 1144 1508 fabulosis
1164 1453 1299 1510 avertere
1321 1450 1466 1510 cultores·

319 1550 377 1607 que
400 1532 551 1592 virtutum
586 1531 734 1593 doctrinis
769 1533 965 1612 ewangelicis
997 1536 1147 1596 excitatos
1171 1536 1300 1598 efficere.
1346 1535 1464 1598 Aliter:

319 1617 356 1676 in
367 1619 493 1679 tentio
510 1618 628 1679 Sedulii
647 1619 740 1679 estin
757 1620 814 1680 hoc
832 1641 922 1697 opere
938 1622 1097 1683 ostendere
1113 1623 1214 1682 omnia
1235 1623 1301 1684 sive
1317 1623 1464 1684 caelestia

319 1724 372 1764 seu
394 1705 553 1765 terrestria
575 1706 625 1766 vel
647 1706 812 1766 infernalia
835 1707 940 1770 divino
963 1709 1053 1769 nutui
1075 1708 1214 1783 subdita,
1250 1715 1281 1770 et
1304 1712 1360 1772 hoc
1388 1710 1465 1770 facit

208 1797 272 1842 Blatt
286 1799 311 1842 15
320 1791 471 1852 hortando
496 1787 611 1875 bolnus,
635 1798 670 1853 ut
691 1794 870 1872 proficiant,
895 1795 1073 1856 deterrendo
1096 1796 1208 1868 malos,
1232 1801 1267 1856 nt
1290 1817 1307 1856 a
1330 1797 1464 1875 peccatis

230 1853 259 1895 ⁹⁴
320 1878 505 1941 abstineant.
551 1878 651 1939 Causa
684 1881 866 1942 intentionis
896 1888 950 1956 est,
976 1883 1047 1959 quia
1070 1883 1151 1942 vidit
1174 1883 1319 1960 quosdam
1342 1883 1464 1944 deviare

319 1965 452 2027 colentes
476 1971 646 2027 creaturam
671 1988 724 2046 pro
750 1974 893 2028 creatore.
938 1969 1111 2030 Materia
1134 1970 1198 2030 eius
1222 1970 1463 2048 suntquaedam,

319 2051 401 2113 sicut
424 2052 539 2114 dictum
562 2057 616 2126 est,
639 2055 713 2115 novi
735 2061 767 2114 et
783 2056 897 2115 veteris
912 2058 1093 2117 testamenti
1116 2057 1271 2129 miracula,
1295 2057 1331 2116 de
1355 2057 1464 2135 quibus

318 2138 351 2198 in
381 2141 438 2202 hoc
472 2161 562 2218 opere
589 2144 713 2207 tractat.
762 2141 896 2220 Scripsit
925 2143 1019 2203 etiam
1052 2150 1159 2205 auctor
1190 2144 1249 2204 iste
1279 2165 1403 2222 ymnum
1431 2145 1463 2205 in

283 2225 408 2287 alaude
420 2226 525 2288 divina
542 2247 596 2305 per
611 2227 788 2307 alfabetnm,
810 2229 957 2291 inchoans
980 2252 997 2290 a
1021 2231 1189 2292 nativitate
1216 2230 1331 2292 domini
1347 2237 1378 2292 et
1396 2252 1464 2292 con-

388 2468 562 2538 9ydolatras]
582 2468 655 2522 disse
681 2468 875 2523 Schneibweise
900 2471 938 2524 ist
959 2471 1035 2525 nicht
1057 2472 1085 2524 in
1107 2473 1252 2525 idololatra
1276 2473 1461 2533 abnuanderm

319 2536 395 2590 nicht
409 2555 461 2590 nur
475 2537 518 2590 bei
531 2537 641 2590 Kourad
659 2540 795 2606 begegnet
812 2540 851 2593 sie
870 2558 904 2592 an
921 2541 1064 2595 mehreren
1077 2541 1179 2594 Stellen
1198 2543 1245 2595 des
1258 2540 1390 2608 Dialogus
1409 2541 1463 2594 und

319 2605 367 2726 dps
386 2606 460 2728 pppc.
480 2606 563 2728 Vzppg,
583 2607 700 2660 sondern
724 2608 793 2661 auch
812 2612 890 2662 sonst
907 2609 1011 2676 h'aufig;
1031 2628 1052 2664 s.
1071 2610 1222 2674 Koffmane,
1242 2610 1339 2664 Gesch.
1359 2611 1383 2664 d.
1403 2610 1463 2664 Kir-

320 2691 335 2727 c
355 2693 388 2728 en
401 2693 436 2728 a.
455 2694 480 2744 p.
536 2717 541 2728 .

388 2764 418 2801 10
430 2759 504 2828 quid]
526 2760 604 2828 quod.

388 2846 501 2915 l⁷sunt]
521 2852 547 2902 e
569 2848 612 2916 (=
632 2848 699 2917 est);
718 2848 773 2914 vgl.
793 2866 827 2900 uu
845 2849 886 2912 47,
908 2848 946 2901 11.

318 3069 450 3122 oblivione
475 3069 564 3136 possit
588 3069 702 3134 aboleri,
735 3069 882 3122 secundant
907 3069 977 3123 illud
1003 3071 1134 3124 Horatii:
1163 3072 1220 3141 Quo
1246 3074 1324 3126 sauzet
1341 3091 1367 3126 u.
1387 3091 1408 3128 s.
1429 3093 1462 3128 W.

319 3138 362 3206 [::
384 3138 457 3201 Hor,
477 3137 554 3207 epist.
575 3139 593 3203 I,
615 3139 638 3204 2,
659 3139 691 3191 69
710 3139 749 3207 f.].
785 3137 867 3192 Diesc
886 3139 1104 3204 Augustinstelle
1124 3145 1196 3195 samt
1221 3143 1282 3195 deur
1305 3143 1464 3196 Horazcitat

320 3206 405 3260 findet
428 3207 487 3260 sich
506 3207 576 3260 auch
595 3224 639 3260 am
659 3207 789 3260 Schlusse
810 3208 856 3260 der
874 3209 932 3262 vita
950 3209 1078 3276 Vergilii,
1107 3211 1148 3263 die
1167 3211 1332 3278 Petschenig
1358 3213 1386 3264 in
1412 3213 1463 3265 den

320 3276 433 3328 Wiener
447 3275 559 3328 Studien
577 3276 623 3340 lV,
645 3276 718 3341 1882,
739 3276 765 3329 S.
778 3277 828 3330 168
838 3277 856 3330 f.
870 3277 1092 3344 herausgegeben
1102 3279 1158 3332 hat.
1184 3280 1262 3333 Auch
1278 3281 1463 3350 Hieronymus

320 3343 671 3468 pigpprtsdepfflllorazvers,
698 3363 719 3398 s.
743 3346 860 3410 Lt'rbeck,
884 3347 1068 3417 Hieronymus
1094 3366 1162 3417 quos
1181 3350 1289 3404 noverit
1307 3351 1461 3420 scriptores,

405 3500 430 3569 3]
451 3498 543 3569 Spec.
562 3500 653 3567 Virg.
673 3501 714 3554 Bl.
734 3501 857 3572 dhrltoc
880 3502 1004 3572 apertius
1022 3503 1141 3558 insinua.

388 3587 492 3655 10quid
510 3587 574 3656 lab.]
596 3611 626 3632 =
648 3587 782 3651 Sedulius,
801 3605 883 3640 carm.
902 3587 993 3656 pasch.
1013 3588 1032 3654 I,
1051 3590 1093 3643 43.

389 3683 417 3720 12
429 3677 518 3746 aliter]
539 3676 674 3744 derartige
694 3675 818 3746 doppelte
829 3676 1019 3743 Erhla'rungen
1036 3677 1164 3729 hommem
1181 3676 1209 3728 in
1226 3675 1463 3730 Scholieuwerken

318 3747 373 3800 und
398 3746 469 3800 auch
493 3746 521 3799 in
539 3746 573 3798 T¹
592 3747 626 3798 T²
653 3746 697 3814 (zu
721 3745 874 3799 anderen
892 3748 1021 3810 Antoren,
1041 3764 1063 3798 z.
1082 3746 1112 3798 B.
1136 3762 1170 3797 zu
1194 3745 1275 3814 Ovid)
1298 3747 1382 3800 alters
1405 3765 1461 3800 vor.

319 3816 430 3869 Konrad
453 3815 502 3868 hat
525 3833 559 3868 an
584 3815 644 3868 Sed.
669 3815 737 3868 zwei
759 3815 953 3868 verschiedene
976 3813 1237 3880 Erklarungswerhe
1260 3815 1347 3883 (nicht
1365 3817 1399 3868 Τι
1417 3816 1462 3877 To

318 3885 441 3948 benutzt;
460 3885 488 3938 in
508 3885 568 3938 dem
587 3884 665 3936 einen
683 3884 764 3938 stand
787 3885 902 3937 materia
919 3901 969 3936 vor
987 3883 1100 3937 intentio
1119 3883 1151 3951 (a.
1170 3883 1295 3936 Kourads
1312 3884 1382 3938 Text
1401 3884 1427 3938 Z.
1445 3885 1463 3938 4

318 3953 374 4006 und
401 3953 442 4022 8),
478 3954 516 4007 im
549 3954 665 4006 anderen
697 3953 810 4006 intentio
845 3971 896 4006 vor
928 3953 1042 4005 materia
1070 3953 1113 4021 (Z.
1142 3952 1174 4005 13
1200 3953 1255 4005 und
1285 3953 1341 4021 17).
1390 3953 1462 4007 Dass

318 4023 353 4076 Τ1
372 4023 405 4074 '1¹²
424 4021 461 4075 im
480 4022 745 4076 Seduliusabschnitt
772 4022 814 4075 die
840 4022 924 4074 altere
947 4021 1104 4088 Einteilung
1126 4021 1154 4074 in
1182 4021 1322 4076 7Punkte
1350 4022 1461 4088 einhalt,

319 4091 407 4144 wobei
425 4091 473 4144 das
492 4092 573 4144 Wort
590 4091 705 4145 materia
723 4091 799 4144 nicht
820 4090 911 4144 oblich
934 4090 981 4154 ist,
1005 4091 1074 4144 habe
1096 4091 1141 4144 ich
1167 4091 1235 4144 oben
1255 4110 1289 4145 zu
1307 4092 1348 4156 27,
1370 4092 1400 4145 17
1419 4093 1462 4145 be-

320 4161 417 4214 merkt.

390 4251 417 4288 11
428 4250 509 4299 creat.
528 4264 577 4316 pro
598 4246 732 4315 creatore]
752 4245 807 4312 vgl.
826 4245 998 4298 Romerbrief
1015 4245 1036 4309 1,
1057 4245 1097 4298 25.

389 4333 456 4401 171]
476 4333 662 4401 sigbertus
680 4331 806 4386 Genrbl.
826 4349 848 4384 c.
868 4332 894 4384 6:
919 4332 1030 4400 scripsit
1056 4331 1139 4384 libros
1157 4331 1189 4384 dc
1207 4331 1348 4386 miraculis
1366 4331 1463 4385 ceteris

316 4407 343 4455 et
360 4403 424 4454 uoci
441 4403 599 4456 testamenti.
