3316 5170
767 413 978 472 „38-

383 585 426 643 Μ.
449 582 602 643 Aviauum
637 582 731 643 fuisse
756 581 922 643 Theodosii
956 582 1144 660 temporibus
1167 581 1363 642 manifestum
1388 589 1442 656 est,

297 669 346 730 oui
369 669 399 731 iu
424 669 551 748 prologo
575 689 629 730 suo
654 669 697 729 sio
721 668 846 728 scribit:
876 667 954 746 ‘quis
973 676 1083 744 tenum,
1105 669 1214 746 inquit,
1238 669 1275 728 de
1294 669 1442 742 oratione,

297 757 365 835 quis
396 755 433 816 de
461 761 600 834 poemate
623 757 813 835 loqueretur,
843 775 908 815 oum
939 755 969 815 in
1000 761 1129 834 utroque
1151 776 1261 834 genere
1284 755 1441 816 literarum

297 843 421 904 Atticos
444 863 554 920 graeca
583 843 754 904 eruditione
783 863 906 921 superes
938 848 968 901 et
996 842 1096 903 latina
1119 843 1274 903 Romanos
1283 841 1306 901 θ’
1357 844 1444 904 Dicit

274 935 397 991 sautem
411 931 565 1008 Hesopnm
582 929 682 1007 operis
703 929 751 990 sni
771 929 875 989 dnoem
886 929 989 999 fuisse,
1010 950 1070 990 uon
1084 930 1257 990 fabularum
1272 929 1442 1000 earundem,

296 1016 347 1076 sed
378 1019 480 1092 <ob>
505 1017 655 1094 quandam
686 1015 800 1095 poetici
831 1016 970 1094 figmenti
1000 1016 1248 1089 similitudinem
1287 1021 1334 1077 est
1362 1017 1441 1076 enim

295 1104 400 1164 fabula
422 1124 470 1164 res
499 1104 571 1163 fieta
598 1124 657 1163 nou
685 1105 783 1173 faeta,
815 1105 948 1162 animum
976 1102 1109 1178 legentis
1140 1103 1297 1163 oblectans
1325 1109 1357 1163 et
1378 1124 1442 1164 sen·

295 1190 424 1250 tentiam
447 1210 485 1249 ex
502 1190 570 1267 ipsa
586 1209 686 1250 rerum
701 1189 929 1267 comparatione
946 1190 1166 1254 commendans,
1190 1190 1302 1250 Verum
1320 1190 1443 1250 omissis

295 1277 440 1338 monstris
470 1277 620 1338 fabulosis
644 1273 758 1337 divinis
788 1276 982 1336 intendamus
1005 1277 1147 1350 oraculis,
1170 1277 1280 1354 quibus
1303 1282 1338 1336 nt
1361 1278 1442 1338 inest

261 1378 402 1424 resersus
425 1364 580 1441 geminus,
612 1363 656 1425 sio
690 1363 802 1441 duplex
825 1364 944 1424 fruetus
973 1363 1115 1424 lectionis
1139 1365 1203 1424 eins
1225 1369 1272 1423 est
1295 1369 1440 1441 quantum

297 1450 335 1510 ad
357 1451 467 1510 literae
490 1451 652 1511 veritatem
669 1456 701 1511 et
716 1448 956 1528 intelligentiam
981 1451 1165 1530 spiritalem3
1189 1452 1282 1511 habes
1306 1451 1386 1512 enim
1409 1451 1441 1510 in

296 1537 413 1598 divinis
442 1537 542 1598 literis
571 1538 717 1598 virtutem
754 1537 981 1614 significativae
1009 1537 1105 1607 vocis,
1138 1538 1171 1596 iu
1200 1544 1340 1615 poemate
1369 1559 1441 1599 vero

296 1624 436 1684 fabuloso
460 1644 565 1684 sonum
590 1624 800 1686 tautummodo
823 1624 917 1697 vocis,
940 1623 992 1684 sed
1015 1624 1112 1685 nichil
1136 1624 1350 1702 significantis.

182 1737 286 1781 uramus
383 1726 489 1799 Super
521 1725 703 1789 sedulium.
732 1729 801 1811 (M.)
848 1725 1017 1812 lSedulium
1043 1727 1139 1806 igitur
1163 1727 1330 1789 adiciamus
1358 1748 1442 1806 prae·

260 1827 286 1867 15
296 1815 421 1887 taxatis,
445 1814 498 1874 ubi
521 1822 734 1892 proponuntur
755 1835 834 1877 nova
858 1824 887 1876 et
911 1820 1018 1874 vetera
1046 1815 1209 1875 tirunculis
1234 1815 1352 1876 Christi
1376 1817 1442 1894 lege

295 1901 401 1964 diviua
423 1901 605 1966 imbuendis,

381 1990 421 2049 1).
445 1988 602 2065 Suspeude
617 1987 767 2048 calamum
786 1988 951 2066 paulisper,
975 1989 1114 2067 obsecr03
1138 2007 1235 2065 neque
1255 1987 1334 2047 enim
1352 1989 1442 2048 datur

295 2074 371 2135 mihi
396 2077 479 2135 loeus
503 2075 552 2134 hio
576 2075 805 2153 progrediendi,
830 2075 913 2152 quia,
946 2079 981 2134 ut
1004 2075 1091 2134 salva
1113 2075 1216 2151 gratia
1239 2074 1382 2152 dixerim,
1411 2085 1442 2134 te

296 2168 418 2223 constat
442 2163 473 2221 in
498 2162 600 2222 verbis
625 2162 749 2222 variari.

260 2253 287 2295 2⁰
383 2250 425 2308 Μ.
449 2248 591 2309 Alterum
621 2269 636 2307 e
660 2249 776 2309 dnobus
800 2253 847 2308 est
876 2253 930 2307 aut
952 2268 1000 2307 me
1026 2247 1057 2306 in
1081 2247 1230 2325 loquendo
1253 2269 1369 2309 errasse
1391 2249 1439 2308 vel

297 2334 375 2413 qnod
398 2337 518 2396 loeutus
542 2355 606 2394 sum
632 2341 664 2395 te
686 2356 747 2395 non
770 2334 967 2395 intellexisse.

382 2423 422 2482 Ι).
445 2421 496 2482 Sia
519 2427 567 2481 est
588 2422 688 2500 plane.

384 2510 426 2568 M.
450 2509 507 2568 Dio
530 2508 636 2586 igitur,
660 2509 783 2570 ubinam
807 2508 967 2583 movearis,
992 2509 1019 2568 si
1041 2509 1144 2588 possit
1165 2507 1305 2568 aoaadere
1329 2507 1441 2568 solutio

297 2595 386 2655 huius
410 2596 564 2656 motionis

260 2685 287 2726 25
382 2682 421 2741 l).
445 2683 479 2742 Si
515 2682 657 2741 fabulosa
679 2680 824 2758 figmenta
847 2686 1020 2758 poetarum,
1051 2681 1219 2758 dequibus
1243 2683 1372 2759 agebas,
1403 2681 1440 2740 ad

181 2742 195 2781 i
295 2788 411 2828 morum
442 2770 531 2829 finem
561 2775 633 2829 snut
663 2768 780 2844 relata,
816 2769 922 2846 prooul
953 2767 1046 2827 dnbio
1074 2775 1146 2828 snut
1180 2769 1296 2845 aliquid
1326 2767 1441 2846 signifi·

295 2855 411 2927 cantia3
434 2875 597 2934 numquam
622 2854 701 2914 enim
733 2854 771 2913 ad
799 2875 897 2915 mores
921 2854 1074 2915 hominnm
1099 2856 1219 2914 fabulas
1243 2876 1312 2916 suas
1334 2861 1442 2933 poetae

295 2941 454 3014 referrent,
479 2942 540 3002 nisi
564 2961 617 3019 per
643 2961 693 3000 eas
717 2941 834 3020 aliquid
857 2943 1077 3020 signifioarent.

382 3030 424 3088 Μ.
447 3029 549 3089 Minus
579 3029 635 3089 hoo
663 3027 854 3090 intellexisse
882 3028 1011 3104 videris
1035 3029 1071 3089 de
1095 3048 1152 3106 quo
1180 3028 1242 3088 levi
1266 3030 1444 3106 quaestione

260 3115 440 3187 30moveris3
465 3116 549 3175 aliud
573 3115 651 3174 enim
678 3120 749 3174 sunt
771 3122 912 3193 poemata
935 3122 966 3174 et
988 3117 1083 3175 iubis
1107 3115 1249 3193 vulgaria
1272 3117 1442 3193 proverbia,

367 3319 541 3388 25fabulosa]
560 3318 659 3372 fabula.

384 3490 408 3559 1]
428 3491 461 3542 T¹
480 3491 526 3543 T2:
545 3507 619 3557 queem
639 3491 748 3559 soponit
767 3490 878 3556 quoidam
901 3489 1066 3542 Theodosius
1078 3489 1341 3554 nobilisRomuuus;
1360 3492 1440 3558 Hugo

294 3578 321 3613 v,
340 3559 440 3613 Trimb.
460 3560 492 3613 V.
512 3561 563 3613 720
580 3559 674 3613 maoht
693 3561 744 3612 den
763 3558 940 3628 (Macrobius)
959 3559 1128 3612 Theodosius
1148 3558 1217 3612 ohne
1235 3561 1361 3613 weiteres
1379 3578 1441 3613 zum

296 3633 353 3682 ‘rex
370 3629 572 3683 Romanorum’.

385 3704 397 3740 2
431 3701 559 3762 getreues
578 3697 652 3751 Citat
670 3714 720 3750 aus
739 3696 844 3749 Avians
861 3697 984 3749 Vorrede
1004 3696 1029 3750 S.
1049 3696 1072 3760 3,
1092 3696 1108 3749 8
1126 3697 1153 3749 ff.
1174 3698 1214 3750 ed.
1233 3697 1361 3751 Frbhner.
1383 3727 1386 3734 ·

384 3771 396 3809 5
429 3767 564 3831 ebendad,
577 3767 621 3819 11:
641 3767 724 3818 huius
742 3781 804 3831 erpo
822 3768 953 3817 oratoriae
972 3765 1065 3818 ducem
1084 3766 1161 3819 erotis
1171 3773 1307 3836 Aesopum
1326 3766 1441 3821 noveris

385 3836 512 3905 7fabula]
532 3854 553 3889 s.
573 3837 641 3888 oben
660 3836 685 3889 S.
705 3835 746 3898 34,
766 3835 790 3887 5.

367 3909 396 3947 10
407 3923 477 3958 sens
498 3904 579 3973 gem]
597 3905 653 3970 vgl.
673 3905 742 3957 oben
760 3904 800 3967 34,
821 3905 843 3956 9.

367 3979 395 4016 11
406 3973 432 4042 f]
451 3974 507 4040 vgl.
525 3977 610 4026 unten
627 3973 706 4026 Blatt
725 3973 774 4025 109
793 3972 841 4026 der
858 3972 1047 4028 Handeehrift.

367 4049 396 4085 14
429 4061 463 4095 an
481 4043 523 4095 die
542 4041 763 4096 kurzenArtikel
781 4042 847 4094 iiber
860 4041 986 4095 Sedulius
1005 4041 1048 4096 bei
1065 4043 1161 4107 isidor,
1180 4044 1272 4113 script.
1291 4044 1355 4097 eool.
1375 4063 1397 4098 o.
1417 4045 1442 4108 7,

297 4112 370 4178 sign.
414 4111 493 4165 embl.
513 4129 535 4165 e.
554 4112 577 4175 6,
597 4113 683 4164 Anon.
703 4110 776 4164 Mell.
797 4111 842 4174 35,
866 4111 1013 4178 (Honorius
1032 4112 1183 4178 Augustod.
1203 4113 1249 4176 lll,
1269 4114 1294 4178 7}
1313 4114 1444 4167 sohliesst

297 4180 579 4304 {iohOKprprapl7nippt
589 4181 683 4302 Eadm
701 4196 751 4243 an,
778 4179 847 4232 auoh
866 4180 941 4233 nieht
959 4197 993 4233 an
1012 4181 1045 4232 T¹
1064 4182 1110 4244 T²;
1134 4199 1155 4235 s.
1177 4181 1276 4252 jedooh
1298 4187 1382 4236 nnten
1406 4200 1440 4236 zu

369 4292 411 4387 2’3]
432 4317 526 4387 Speo.
544 4319 650 4384 Virg.‚
669 4318 709 4371 Bl.
728 4318 780 4387 lg:
800 4317 868 4384 quid
887 4323 925 4370 est
943 4317 1015 4370 elude
1034 4318 1168 4372 zoroastris?

368 4388 441 4440 ²⁶ad
459 4405 525 4440 mor.
544 4387 601 4456 fim]
621 4405 642 4440 s.
662 4387 731 4440 oben
750 4386 775 4439 S.
794 4387 835 4450 34,
856 4387 902 4450 15;
922 4387 963 4451 37,
982 4387 1023 4440 25.
