3316 5170
636 387 852 443 -29-

176 553 353 614 auctoribus
378 553 540 615 habendus.
572 554 695 615 Floruit
717 561 818 614 autem
842 556 873 614 in
897 563 964 614 arte
987 555 1187 632 grammatica
1210 560 1317 614 auctor

176 641 253 702 idem
277 641 465 718 temporibus
500 641 576 713 suis,
604 648 653 707 ut.
684 662 751 702 cum
772 643 860 701 multi
888 641 1010 702 diverso
1034 641 1121 702 modo
1145 642 1317 702 orationum

176 727 346 812 particulas
369 727 576 800 ordinassent,
610 729 778 808 exquibus
802 727 982 789 Aristotiles
1013 727 1103 788 etiem
1131 733 1221 806 louge
1244 734 1316 788 aute

177 815 242 874 eius
272 826 407 894 tempora
430 814 504 874 duas
527 815 712 893 principales
736 821 852 892 partes,
886 835 993 876 nomen
1024 822 1054 886 et
1077 817 1201 876 verbum
1229 813 1316 893 quasi

176 921 334 980 personam
359 907 391 960 et
408 909 509 961 actum
524 901 688 962 tradidisse
706 901 835 980 iegitur,
856 901 915 962 iste
927 903 1066 962 Donatus
1084 909 1152 962 octo
1167 901 1315 973 definiret,
1337 914 1351 954 5

178 987 338 1048 ostendens
351 988 471 1066 plenam
485 989 709 1066 perfectamque
721 990 889 1049 orationem
902 988 956 1048 vix
972 989 1038 1049 sine
1054 989 1102 1048 his
1117 989 1159 1049 VI
1175 989 1315 1066 partibus

177 1095 250 1151 quas
281 1074 394 1135 adiecit
417 1094 506 1152 posse
529 1083 682 1143 constare,
715 1077 853 1152 quamvis
876 1074 970 1135 etiam
1001 1074 1072 1136 illae
1106 1073 1182 1135 duae
1211 1082 1314 1154 partes

175 1161 255 1222 idest
277 1181 384 1221 nomen
402 1170 434 1221 et
457 1163 582 1222 verbum
605 1164 694 1241 pleno
717 1183 807 1223 sensu
829 1162 1006 1223 viderentur
1035 1170 1175 1222 constare
1197 1181 1251 1240 per
1274 1182 1314 1226 se.

175 1249 273 1309 Porro
303 1255 373 1308 octo
398 1248 529 1325 partium
554 1255 665 1309 octava
688 1249 855 1328 particula,
883 1269 960 1328 quae
984 1259 1110 1312 vocatur
1132 1249 1314 1320 interiectio,

176 1335 247 1412 quia
277 1335 466 1394 sermonibus
498 1335 682 1414 interposita
712 1343 824 1397 motum
854 1337 932 1397 solet
966 1335 1061 1396 animi
1085 1336 1236 1396 variantis
1267 1347 1351 1396 err-10

175 1421 314 1498 primore,
337 1441 591 1500 quarumcumque
604 1422 777 1500 linguarum
794 1444 853 1484 vox
869 1432 915 1483 est
931 1423 1054 1502 propria
1077 1443 1132 1483 nec
1155 1423 1245 1483 facile
1269 1442 1315 1482 ea·

175 1507 240 1569 dem
256 1527 316 1568 vox
331 1528 385 1568 suo
403 1506 469 1569 loco
488 1509 603 1569 moveri
625 1517 727 1587 potest
748 1510 951 1571 translatione
970 1509 1124 1581 adhibita,
1147 1516 1195 1570 est
1217 1509 1316 1587 igitur

175 1595 224 1654 hie
246 1594 385 1671 partibus
409 1595 541 1672 septenis
564 1596 751 1669 necessaria,
771 1597 843 1675 quie
865 1605 998 1656 motuum
1022 1596 1201 1657 Interiorum
1225 1596 1315 1657 Index

176 1681 371 1758 cognoscitur
404 1701 469 1741 cum
501 1682 632 1742 auditur.
677 1683 779 1760 Igitur
812 1684 891 1743 istae
924 1683 968 1743 VI
997 1683 1167 1761 particulae
1201 1683 1315 1760 prinoi-

176 1763 290 1845 palium
313 1767 447 1846 partium
470 1768 550 1830 idest
571 1769 760 1852 nominisiet
783 1770 870 1830 verbi
892 1770 980 1846 qnasi
999 1770 1184 1848 appendices
1208 1779 1350 1831 vunan-1⁵
1363 1779 1428 1822 Bbtt

176 1866 228 1914 tur
250 1853 530 1932 sinkatsgoremata
561 1856 640 1917 idest
662 1856 946 1934 consignificantia,
980 1858 1052 1935 quia
1074 1877 1129 1935 per
1156 1878 1187 1917 se
1209 1877 1316 1935 parum
1387 1833 1415 1876 ⁸⁹

177 1941 355 2019 significant
376 1941 437 2002 nisi
460 1943 575 2002 nomini
598 1951 629 2004 et
643 1946 735 2004 verbo
755 1943 937 2017 adiciuntur,
960 1964 1027 2004 cunr
1042 1945 1114 2004 illae
1130 1943 1207 2004 duae
1226 1964 1316 2005 sensu

175 2028 328 2107 perfectae
351 2028 589 2106 significationis
616 2031 816 2107 explicentur.
848 2031 981 2090 Possunt
1004 2051 1076 2109 ergo
1100 2030 1143 2091 sic
1166 2031 1316 2091 ordinari:

175 2115 336 2194 ‘magister
359 2125 418 2175 rste
440 2117 523 2193 sapit
547 2125 627 2178 recte
647 2118 757 2178 docens
772 2124 803 2176 et
817 2115 936 2194 palam',
959 2117 1012 2177 ubi
1028 2137 1136 2178 nomen
1152 2137 1315 2195 pronomen

174 2205 299 2262 verbum
315 2202 492 2263 adverbium
509 2204 704 2283 partIoipium
725 2204 900 2264 coniunctio
916 2205 1111 2282 praepositio,
1131 2203 1194 2265 VII
1211 2211 1350 2282 partes2⁰

173 2290 293 2368 plenum
319 2309 438 2349 sensum
453 2291 657 2368 exprimentes
674 2291 876 2359 inveniuntur,
899 2292 1039 2368 quamvis
1050 2296 1160 2352 octava
1176 2291 1314 2370 quodam·

174 2375 261 2437 modo
286 2375 428 2436 videatur
447 2377 596 2450 solitaria,
619 2378 698 2456 quia,
722 2387 757 2437 ut
780 2379 918 2455 superius
936 2377 1050 2438 dictum
1070 2386 1127 2453 est,
1149 2399 1209 2439 nou
1222 2379 1312 2440 facile

175 2471 315 2523 movetur
338 2464 411 2524 haec
439 2464 592 2540 particula
615 2465 645 2523 in
670 2465 805 2542 lingnam
829 2464 865 2524 de
889 2462 1003 2542 lingna.
1041 2464 1138 2527 Visne
1159 2465 1314 2527 ostendam

174 2548 236 2611 tibi
260 2550 307 2609 vel
331 2549 419 2610 brevi
441 2551 591 2630 exemplo,
623 2551 695 2628 qnid
719 2551 814 2611 distet
837 2551 918 2610 inter
941 2562 1043 2630 partes
1067 2554 1115 2612 vel
1143 2553 1217 2614 dues
1241 2573 1314 2630 quas

175 2635 355 2697 Aristotiles
379 2637 509 2698 tradidit
531 2638 577 2697 vel
602 2658 654 2698 sex
678 2659 751 2715 quas
774 2639 913 2698 Donatus
937 2637 1069 2699 adiecit?
1323 2647 1350 2689 2⁵

261 2739 299 2799 Ι).
322 2738 467 2802 Omnibus
488 2740 585 2801 modis
597 2741 777 2802 distantiam
796 2741 888 2802 istam
905 2743 1076 2820 expostu103
1094 2750 1216 2822 oportet
1234 2743 1314 2804 enim

174 2845 229 2889 nos
262 2827 363 2887 verbis
393 2837 424 2888 et
453 2827 598 2906 exemplis
630 2828 744 2901 doceri,
775 2829 884 2906 quibus
911 2830 1031 2890 occasio
1058 2831 1148 2891 datur
1172 2831 1202 2890 in
1226 2831 1314 2890 libris

172 2913 358 2991 proficiendi.

260 3001 302 3060 Μ.
325 3001 466 3062 Adtende
496 3002 607 3082 igitur:
639 3005 682 3065 ait
715 3004 821 3065 doinus
851 3005 954 3083 aliqua
983 3025 1108 3083 magna,
1140 3023 1216 3080 quae
1248 3023 1315 3064 cum

246 3170 290 3240 ²⁴]
308 3169 380 3224 inter
398 3171 466 3225 duas
483 3176 576 3242 partes
595 3172 641 3226 vel
659 3189 736 3240 quas.

261 3326 286 3395 3]
306 3326 392 3390 Isid,
411 3345 448 3380 or.
468 3328 487 3392 I,
508 3328 531 3392 6,
553 3329 581 3381 l:
600 3334 692 3395 pardae
709 3327 844 3381 orationis
859 3327 968 3395 primus
989 3327 1147 3380 Aristoteles
1170 3325 1240 3380 dnae
1259 3332 1313 3380 tra·

177 3395 258 3456 didit,
276 3411 370 3448 nonan
387 3402 413 3448 et
430 3399 550 3462 oerbam3
570 3397 699 3450 Donatus
709 3397 806 3449 deinde
816 3403 873 3450 octo
892 3396 1025 3460 definivit,
1045 3395 1197 3449 redonicae
1216 3394 1313 3450 odilla

173 3463 227 3516 dno
245 3465 416 3534 principalia
435 3472 609 3520 reuertuntur
637 3466 706 3519 r'deet
730 3467 768 3519 ad
792 3481 883 3518 amanen
902 3472 926 3519 et
944 3466 1050 3519 centron
1069 3480 1138 3533 arnae
1156 3465 1313 3535 eipnilr'aant

173 3539 262 3587 actum
280 3540 305 3586 et
320 3550 477 3602 personanr;
497 3537 620 3604 rab'quae
638 3535 799 3603 appendices
817 3540 881 3588 sunt
898 3551 919 3588 e.
938 3552 962 3603 q.
982 3553 1001 3588 s.

261 3602 286 3671 9]
306 3603 395 3668 laid,
415 3622 452 3658 or.
478 3605 497 3670 I,
524 3605 567 3658 13:
596 3605 748 3658 interiectio
772 3611 868 3658 coacta
887 3605 958 3671 'oraio
981 3604 1146 3657 sermonibus
1169 3605 1313 3658 interiecta

174 3670 243 3723 idest
262 3673 421 3739 interposita
439 3673 696 3738 affecturaeomnroti
708 3675 796 3726 antimi
814 3673 1084 3741 exprimam-aquae
1102 3689 1177 3727 uoces
1198 3689 1313 3740 quaram

175 3740 203 3809 <
213 3741 360 3809 rumque>
376 3743 531 3811 b'npacranr
549 3746 680 3812 propriae
696 3751 821 3796 suntme
838 3745 867 3794 in
885 3744 969 3796 ultam
988 3744 1109 3812 liupucun
1125 3743 1208 3807 facile
1227 3747 1314 3795 trane-

170 3810 309 3874 feuantur:
329 3811 384 3878 vgl.
395 3811 460 3865 z.B.
473 3812 522 3866 das
543 3815 733 3866 ‘commentum
756 3811 924 3868 Einsidlense
942 3812 970 3866 in
988 3811 1087 3866 Donati
1105 3816 1156 3865 art
1174 3811 1312 3865 maiorem'

172 3877 200 3931 in
218 3879 329 3946 Hagens
354 3880 446 3934 anecd.
468 3881 547 3936 Helv.
566 3900 591 3951 p.
612 3882 680 3952 (218,
700 3881 716 3935 8
734 3883 772 3950 ιι.)
790 3882 849 3946 266,
870 3883 913 3935 1οε
937 3897 1056 3949 quaeque
1072 3896 1137 3949 pene
1155 3897 1218 3933 anae
1235 3881 1314 3936 annet
1422 3911 1424 3917 v

173 3948 379 4086 intenp'esscpipnas,
398 3965 467 4026 quae
485 3951 520 4073 ipl
527 3951 616 4074 ullptrpt
628 3951 916 4074 lippgpm7trarrlefer·ri
933 3967 988 4074 perun
1002 3956 1123 4072 proreperet.
1214 4025 1236 4072 u

333 4035 528 4074 rrscnene.
574 4038 669 4086 cz,
724 4036 935 4084 ,raraean
963 4037 987 4072 m
1033 4035 1212 4072 areanae
1238 4035 1311 4086 ¹ore·

172 4091 246 4138 aratc
264 4087 312 4140 boc
330 4094 368 4140 eet
384 4087 624 4155 conreipnr'ticantia
648 4090 824 4158 appellabant
847 4089 880 4158 (s,
899 4090 970 4144 ench
987 4037 1092 4154 iligen,
1120 4035 1213 4142 eniecd.
1231 4037 1311 4142 iielv.

172 4174 197 4225 p.
219 4155 374 4222 CLXXXII,
395 4158 452 4225 10);
470 4158 526 4227 vgl.
545 4159 625 4227 Hugc
643 4176 669 4212 v.
689 4158 790 4213 Trimb.
810 4159 842 4212 V.
863 4159 920 4213 194.

245 4226 286 4295 19]
305 4226 361 4293 vgl.
380 4226 429 4280 das
448 4225 490 4281 die
511 4229 542 4281 10
560 4228 725 4294 Kategon'en
748 4227 1035 4282 zusammenfessende
1053 4227 1183 4296 Beispiel:
1208 4229 1311 4295 ‘Aepu-

171 4295 261 4348 ata'nae
278 4311 392 4364 maenae
412 4302 514 4362 orator,
532 4297 606 4360 aliua
627 4298 710 4358 iltius,
736 4303 809 4350 stane
827 4298 856 4350 in
869 4298 973 4365 tenrplo,
992 4297 1071 4350 hodr'e
1089 4297 1222 4360 intulatur
1232 4311 1312 4365 prce·

173 4363 293 4418 dicando
307 4365 456 4434 sctipatnr'
474 4365 516 4420 bei
535 4366 622 4432 laid,
642 4367 820 4432 cr.11‚26,11
840 4366 895 4420 und
913 4365 1053 4432 Alkuin,
1073 4365 1164 4433 Migne
1185 4365 1309 4432 lunata.
