3316 5170
663 381 876 436 ..73-

203 545 294 623 longe
326 544 470 606 dissimili
501 567 590 606 sensu
618 546 834 624 significemus.
887 548 1000 608 Verum
1029 545 1065 604 de
1093 544 1169 622 ipsis
1199 541 1343 604 bucolicis

202 632 370 710 exemplum
395 632 537 694 existimo
561 633 789 710 proferendum,
813 635 865 694 ubi
888 641 979 711 poeta
1001 637 1108 693 contra
1134 628 1249 692 emulos
1272 649 1343 689 suos

202 719 332 780 Bavium
344 720 372 778 el
381 720 513 779 Mevium
536 719 647 780 distico
670 741 805 799 pugnare
828 721 950 782 videtur
971 727 1002 780 et
1024 719 1127 779 verbis
1150 718 1343 797 paucissimis

202 807 298 866 vitam
322 813 450 884 etopus
473 827 575 867 eorum
599 807 780 868 confundere
802 810 965 886 probatur:
989 807 1049 886 ‘qui
1071 805 1211 878 Bavium,
1234 806 1342 883 inquit,

203 912 262 953 non
285 892 360 969 odit,
388 898 469 954 amet
492 902 545 952 tua
567 898 709 964 carmina,
733 895 955 973 Mevi,‘atque
977 893 1056 954 idem
1092 893 1202 968 iungat
1236 890 1341 969 vulpes
1364 903 1377 945 a

203 989 232 1039 et
254 978 387 1057 mulgeat
412 979 527 1041 hircos'.
572 980 610 1039 In
639 980 748 1060 quibus
777 981 875 1042 verbis
906 1000 1026 1040 sensum
1055 979 1204 1058 geminum
1233 977 1342 1056 poteris

204 1066 359 1126 advertere
378 1065 454 1126 idest
476 1066 554 1146 quod
577 1087 631 1146 pro
652 1066 709 1128 hoo
732 1068 820 1141 malo,
843 1067 921 1147 quod
944 1068 1011 1147 quis
1033 1065 1162 1126 Bavium
1186 1084 1248 1124 non
1270 1064 1341 1136 odit,

203 1173 304 1213 amare
327 1161 451 1231 cogatur
471 1153 605 1213 carmina
627 1153 709 1214 Mevi
735 1163 841 1233 poetae
868 1164 898 1214 et
920 1163 1005 1213 tauta
1031 1152 1110 1213 idern
1130 1151 1274 1212 obruatur
1295 1150 1343 1211 de-

203 1241 323 1312 mentia,
347 1248 381 1298 ut
402 1239 509 1318 vulpes
531 1249 617 1319 putet
638 1261 701 1301 esse
724 1251 758 1301 ut
779 1241 870 1300 boum
893 1241 980 1320 paria
1001 1238 1117 1318 iugales
1140 1247 1170 1298 et
1190 1237 1287 1298 hircos
1310 1249 1344 1296 ut

203 1346 310 1404 capras
339 1325 522 1405 mulgibilee,
556 1325 636 1405 quod
663 1339 772 1388 natura
794 1348 854 1388 non
877 1325 1016 1400 admittit,
1039 1325 1091 1386 vel
1114 1334 1191 1386 certe
1213 1325 1344 1402 ipsorum
1355 1341 1379 1382 ro

203 1412 368 1473 emulorum
388 1433 508 1473 suorum
524 1413 664 1473 astutiam
684 1423 714 1474 et
731 1413 965 1474 fraudulentiam
981 1423 1011 1473 et
1024 1411 1179 1472 feditatem
1201 1411 1344 1490 poematis

204 1499 340 1578 vulpium
362 1508 392 1559 et
413 1498 562 1560 hircorum
591 1501 711 1560 nomine
733 1501 825 1561 tacita
846 1500 982 1560 irrisione
1004 1507 1093 1579 poeta
1114 1479 1344 1576 comprehendit.

202 1585 375 1646 Intendit
404 1596 503 1646 autem
540 1596 644 1646 auctor
675 1587 704 1645 in
739 1586 797 1647 hoc
825 1607 912 1666 opere
946 1585 1104 1666 pastoralis
1138 1585 1218 1644 vitae
1251 1604 1345 1644 mores

203 1672 378 1751 qualitatem
400 1673 521 1752 negotia
540 1674 614 1732 scria
631 1673 678 1733 vel
691 1672 779 1733 ludos
791 1673 963 1747 describere,
982 1673 1093 1753 privati
1115 1672 1190 1731 ruris
1212 1678 1242 1731 et
1263 1670 1345 1731 urbis

204 1758 401 1818 differentiam
424 1760 594 1832 ostendere,
622 1759 760 1820 affectum
791 1781 876 1821 suum
904 1761 934 1818 in
958 1759 1097 1825 Cesaram
1123 1769 1152 1818 et
1175 1757 1237 1818 eius
1259 1757 1290 1816 in
1314 1771 1380 1818 seru

205 1845 418 1925 protectionem
441 1846 646 1906 commendare
661 1847 761 1925 sicque
782 1847 886 1907 valida
908 1847 1029 1924 ingenia
1050 1845 1212 1923 legentium
1236 1843 1345 1922 signifi-

207 1931 375 1992 cationibus
388 1932 598 1993 occultioribus
612 1953 754 1993 exercere.
776 1933 869 1993 Porro
880 1933 1037 1993 intentioni
1049 1931 1201 1991 materia
1215 1931 1344 1991 exomni
1362 1974 1364 1985 .

205 2027 291 2098 parte
313 2018 543 2097 comprehendit,
567 2020 646 2098 quod
668 2040 721 2099 per
743 2019 864 2080 modum
885 2039 939 2099 per
960 2019 1027 2079 loca
1048 2039 1101 2098 per·
1126 2028 1260 2096 tempora
1282 2008 1364 2096 per-²

205 2125 352 2183 sonasque
370 2125 494 2184 gregum
515 2105 688 2166 alendorum
711 2107 848 2186 eglogam
873 2107 960 2166 istam
980 2105 1154 2183 composuit.
1176 2104 1344 2163 Fructus

203 2190 380 2269 legentis
408 2194 513 2270 agnita
535 2194 664 2253 maxime
686 2195 852 2272 proprietas
881 2213 1023 2272 expressa
1045 2191 1203 2251 latinitatis
1226 2200 1278 2251 est.
1354 2204 1381 2246 20

204 2278 244 2337 In
266 2278 451 2357 georgicis
474 2299 544 2340 vero
567 2279 714 2358 Virgilius
742 2300 844 2340 curam
867 2279 1043 2358 qualitatem
1075 2288 1192 2357 tempus
1220 2276 1345 2355 agricul-

205 2374 290 2424 turae
317 2365 349 2422 in
372 2365 515 2425 iaciendis
538 2366 716 2438 seminibus,
745 2386 847 2427 curam
873 2366 965 2426 bourn
988 2365 1159 2443 cultumque
1181 2383 1344 2442 peccorum,

205 2451 256 2511 sed
279 2459 309 2510 et
330 2451 485 2511 vinearum
507 2451 743 2531 plantandarum
765 2473 852 2512 usum
876 2463 991 2531 tempus
1008 2461 1037 2511 et
1052 2451 1165 2511 cultum
1188 2449 1345 2528 agricolae-

205 2558 263 2617 que
294 2537 425 2616 vigilans
460 2538 591 2599 studium
621 2538 775 2612 describit,
808 2548 922 2618 quanta
955 2539 992 2611 sit
1019 2557 1168 2617 quamque
1199 2535 1344 2596 mirabilis

206 2633 332 2685 naturae
355 2624 505 2685 subtilitas
527 2635 556 2685 et
570 2626 754 2704 experientia
776 2627 807 2684 in
830 2625 945 2705 apibus,
969 2645 1046 2704 quae
1065 2623 1194 2703 petenda
1215 2623 1304 2683 statio
1326 2636 1380 2683 aas

204 2721 361 2771 ventorum
385 2711 469 2771 aditu
491 2719 620 2784 remota,
650 2712 722 2790 quid
752 2713 846 2791 prosit
874 2710 1039 2772 nutriendis
1070 2710 1177 2790 apibus
1207 2720 1237 2770 et
1259 2709 1344 2782 obsit,

205 2797 354 2858 distensas
381 2807 499 2859 nectare
528 2797 620 2858 cellas
649 2813 708 2877 quo
731 2799 834 2859 ordine
860 2809 890 2859 et
918 2797 1017 2859 officia
1041 2797 1166 2876 singulis
1189 2796 1345 2875 dispertita

204 2893 326 2944 teneant
357 2893 387 2945 et
413 2893 602 2958 conservent,
625 2885 821 2945 differentiam
844 2884 969 2945 duorum
993 2884 1132 2945 alveariis
1155 2883 1344 2956 inclusorum,

204 2991 336 3049 pugnam
359 2971 490 3050 ipsorum
513 2980 542 3032 et
561 2972 714 3033 victoriam
738 2972 934 3051 affectumque
957 2972 1088 3050 ipsarum
1112 2991 1202 3048 apum
1225 2971 1254 3028 in
1279 2991 1345 3049 pro-

205 3058 304 3136 prium
326 3058 488 3136 principem
512 3058 672 3118 admodum
695 3057 862 3119 mirabilem
885 3078 995 3137 magna
1017 3057 1172 3117 mediocris
1196 3055 1256 3116 stili
1277 3056 1381 3116 sub-ao

206 3144 314 3204 tilitate
337 3144 473 3204 ostendit.
508 3145 646 3223 Denique
669 3145 835 3205 materia
856 3145 946 3204 huius
969 3145 1066 3223 operis
1080 3153 1175 3205 terrae
1197 3141 1345 3203 culturam

205 3231 313 3309 accipe,
337 3251 426 3310 quam
459 3231 518 3290 nisi
538 3231 667 3310 perfecte
693 3233 724 3290 in
755 3231 940 3310 agricolandi
962 3231 1085 3291 scientia
1106 3240 1195 3309 poeta
1217 3248 1346 3307 compre·

205 3317 370 3390 hendisset,
399 3316 471 3395 quid
494 3317 530 3377 de
554 3317 735 3397 agricultura
766 3317 906 3378 scriberet
927 3337 987 3377 non
1008 3316 1139 3377 haberet.
1172 3316 1345 3376 Intentio

206 3404 269 3463 eius
298 3413 343 3464 est
372 3402 511 3464 mortales
534 3404 574 3464 ad
601 3404 764 3483 simplicem
786 3405 880 3464 vitam
907 3404 984 3465 idest
1006 3404 1044 3464 ad
1068 3402 1280 3482 agriculturam
1302 3403 1346 3460 in-

206 3489 344 3564 formare,
376 3491 461 3549 utin
493 3489 551 3550 hac
574 3493 767 3570 occupatione
792 3491 870 3569 quod
896 3503 967 3551 sunt
996 3491 1114 3550 discant
1143 3489 1295 3549 advertere
1317 3499 1381 3548 etse

206 3586 331 3637 mentem
356 3596 374 3635 a
394 3578 480 3637 vanis
504 3577 574 3638 ociis
597 3579 751 3656 noxiisque
772 3577 898 3656 negotiis
922 3597 1055 3638 avocare.

295 3713 388 3781 7quod
406 3683 531 3781 ΜΞ
548 3731 605 3782 pro.
828 3713 935 3783 8Mevi]
957 3714 996 3778 19,
1017 3713 1049 3766 13
1068 3712 1175 3766 ‘Mevii'.

229 3781 839 3904 ΙΜΞΒΟᾸ)’9101111431εέ151εῑιιεῬτορτίθῐειῒίέ
862 3781 949 3846 korr.;
978 3814 1012 3823 —
1034 3781 1085 3835 lies
1109 3789 1262 3850 ‘expressae
1286 3778 1346 3833 lati·

208 3867 236 3902 m
277 3925 306 3962 23
317 3892 346 3973 et
364 3918 439 3988 cult]
459 3920 543 3973 etiam
561 3920 673 3974 cultum.
815 3919 858 3989 36]
877 3923 975 3973 mente.

293 4077 319 4147 4]
340 4100 370 4121 =
390 4077 485 4144 Verg.,
512 4075 560 4130 ecl.
583 4077 635 4142 ΙΙΙ,
660 4077 706 4139 9ος
732 4107 765 4115 -
790 4073 846 4140 vgl.
874 4077 942 4130 oben
961 4074 986 4128 S.
1007 4075 1052 4139 19,
1078 4073 1110 4127 13
1134 4074 1189 4126 und
1211 4072 1347 4127 Ribbecks

204 4145 399 4213 Prolegomena
416 4164 441 4215 p.
460 4147 501 4199 96.

279 4216 488 4286 1⁸loc.,re1np.]
508 4234 530 4269 s.
550 4216 616 4268 oben
635 4215 676 4278 21,
695 4215 725 4278 8;
745 4214 786 4280 31,
806 4215 835 4276 7;
853 4213 894 4277 65,
915 4214 954 4267 17.

277 4285 320 4354 21]
339 4285 445 4351 Varg,
463 4302 556 4353 georg.
575 4285 594 4350 Ι,
615 4284 631 4336 3
649 4285 682 4337 t:
702 4301 771 4352 quae
789 4299 856 4337 curn
875 4283 966 4346 boreus,
991 4283 1039 4348 qui
1057 4281 1146 4333 cultus
1164 4279 1348 4332 habendo‘ar't

208 4369 299 4412 pecore
318 4371 344 4406 u.
363 4371 384 4406 a.
404 4372 436 4406 u.
