3316 5170
791 398 1003 456 ..55-

325 568 557 648 impugnatione
572 569 618 628 rei
632 567 773 648 publicae
785 574 816 628 et
826 568 940 638 docere,
964 573 1080 646 quanta
1092 590 1129 630 ex
1143 568 1316 628 illustribus
1329 569 1469 648 patribus

326 662 358 717 et
380 655 548 718 rectoribus
571 675 620 715 res
651 655 777 734 publica
798 655 896 734 primo
919 654 1032 728 fuerit,
1055 655 1190 733 qualiter
1213 676 1249 716 ex
1272 656 1380 717 vilium
1403 675 1468 735 per·

326 763 466 805 sonarum
489 741 654 802 insolentia
678 741 716 801 ad
738 741 887 803 nichilum
902 741 1026 802 redacta
1041 742 1094 806 sit.
1132 743 1299 803 Fructus
1324 742 1468 804 finalis

324 830 477 910 profectus
505 829 636 908 legentis
668 833 726 902 est,
756 829 782 889 si
817 829 897 907 quod
927 829 1096 904 honestum,
1119 829 1144 890 si
1176 829 1255 906 quod
1278 829 1391 889 iustum
1423 835 1470 890 est

303 923 473 996 csequatur
495 936 550 976 nec
574 915 685 975 malum
710 916 790 992 quod
813 916 849 976 de
874 915 963 975 malis
986 916 1073 976 audit
1096 915 1244 979 imitatur.

412 1004 451 1063 l).
476 1002 555 1077 Quia
578 1002 676 1080 igitur
699 1001 773 1062 duos
796 1002 891 1063 libros
915 1001 1131 1062 Catilinarium
1159 1008 1189 1064 et
1212 1002 1407 1082 Iugurtinum
1438 1003 1470 1063 in

326 1111 386 1151 uno
409 1109 539 1173 corpore
562 1088 722 1167 compegit,
747 1088 820 1167 quid
843 1089 1031 1150 desecando
1054 1089 1132 1151 libro
1157 1090 1347 1150 sentiendum
1370 1095 1417 1150 est
1439 1090 1471 1149 in

326 1177 390 1238 eius
413 1175 585 1236 materia
608 1176 657 1237 vel
680 1175 938 1237 intentione?

412 1264 455 1323 Μ.
479 1264 544 1324 Hoc
560 1263 639 1340 quod
654 1261 685 1321 in
702 1262 816 1342 prim03
840 1283 909 1323 nam
924 1263 998 1324 licet
1013 1283 1169 1340 personae,
1193 1283 1298 1342 regua,
1322 1266 1469 1341 tempora,

291 1365 317 1406 10
327 1351 517 1411 diversorum
541 1351 689 1410 bellorum
713 1355 840 1410 eventus
863 1351 894 1410 in
918 1349 961 1410 eis
985 1350 1136 1423 differant,
1160 1370 1220 1410 una
1235 1355 1335 1410 tamen
1351 1350 1473 1410 malicia

328 1445 473 1514 utrosque
500 1437 581 1497 idest
605 1436 770 1497 Catilinam
802 1442 832 1498 et
859 1437 1040 1514 Iugurtham
1063 1439 1205 1510 tenebat,
1234 1437 1304 1497 dum
1328 1437 1407 1497 alter
1430 1437 1472 1494 in·

328 1524 459 1597 testim,
489 1523 567 1585 alter
596 1532 721 1585 externa
752 1524 833 1584 bella
863 1525 1000 1602 gerebat.
1044 1525 1106 1584 Nec
1130 1525 1186 1584 hoc
1209 1530 1241 1583 te
1263 1525 1369 1596 lateat,
1393 1523 1471 1600 quod

329 1612 404 1672 licet
427 1610 629 1672 Catilinarius
652 1610 731 1670 liber
753 1610 873 1684 ordine,
901 1611 1082 1688 Iugurtinus
1106 1616 1208 1671 tamen
1232 1616 1367 1688 tempore
1390 1631 1473 1689 prae·

329 1699 431 1760 cessit.
729 1694 732 1700 ’
917 1709 926 1722 ’
1123 1717 1131 1732 ·

295 1799 320 1842 15
416 1786 455 1844 D.
479 1784 538 1844 Sed
561 1783 667 1843 multis
691 1783 832 1842 venitin
855 1782 1069 1860 dubiumque
1092 1804 1172 1862 pena
1194 1783 1303 1844 mortis
1326 1783 1404 1844 idem
1428 1784 1472 1843 in-

330 1872 457 1944 terierit,
480 1872 554 1933 licet
577 1871 684 1932 mortis
708 1891 777 1930 reus
801 1870 949 1932 extiterit.

416 1959 458 2017 Μ.
482 1958 612 2018 Frustra
624 1956 767 2030 causaris
781 1977 839 2034 qua
848 1977 925 2036 pena
937 1957 1126 2036 plecteretur,
1141 1977 1207 2017 cum
1220 1956 1316 2018 modis
1333 1957 1471 2018 omnibus

329 2044 492 2105 fratricida
508 2045 638 2106 crudelis
654 2046 691 2105 ab
716 2044 797 2104 omni
821 2043 921 2122 legum
934 2044 1060 2104 iusticia
1076 2044 1246 2123 puniendus
1263 2051 1475 2121 quaereretur-3

329 2131 361 2192 in
382 2151 501 2193 carcere
524 2132 751 2209 strangulatum
766 2131 949 2208 Iugurtham
970 2131 1098 2204 videbis,
1118 2132 1145 2191 si
1156 2132 1361 2193 Romanorum
1385 2136 1473 2209 gesta

294 2219 474 2284 aorevolvis.
492 2219 629 2296 Denique
643 2219 789 2297 prologus
804 2218 877 2278 libri
894 2218 1026 2292 secundi,
1039 2219 1091 2277 ubi
1107 2218 1183 2278 dicit
1200 2239 1294 2296 genus
1311 2220 1473 2278 humanum

330 2305 408 2366 falso
430 2305 573 2384 conqueri
594 2305 629 2364 de
652 2311 762 2364 natura
782 2325 836 2364 sue
856 2305 935 2382 quod
956 2305 1078 2383 fragilis
1104 2310 1135 2365 et
1148 2304 1302 2365 imbecilla
1318 2305 1369 2382 sit,
1393 2304 1473 2365 sicut

329 2392 361 2453 in
384 2392 483 2471 primo
506 2393 550 2452 sic
574 2398 604 2452 et
634 2391 666 2451 in
690 2392 819 2453 secundo
843 2392 937 2452 animi
961 2392 1108 2452 virtutem
1132 2392 1255 2452 videtur
1284 2391 1473 2470 persuadere,

330 2479 478 2540 desidiam
508 2479 692 2541 dissuadere.
743 2478 865 2540 Floruit
895 2483 995 2540 autem
1030 2484 1136 2540 auctor
1175 2479 1255 2538 idem
1284 2479 1471 2557 temporibus

331 2565 451 2627 Cesaris
475 2566 618 2644 Augusti,
647 2555 708 2643 'quo
742 2565 833 2626 etiam
862 2572 997 2646 tempore
1020 2566 1135 2627 Romae
1158 2565 1311 2646 sapientes
1336 2565 1472 2644 insignes

295 2659 418 2714 nerant
440 2653 606 2732 Virgilius,
637 2652 762 2712 Oratius
792 2653 920 2714 Flaccus
949 2659 981 2714 et
1008 2653 1063 2712 alii
1096 2653 1208 2732 plures,
1259 2652 1318 2713 Sed
1347 2652 1384 2713 de
1417 2653 1472 2713 hcc

330 2746 455 2802 auctore
477 2741 553 2800 satis
577 2745 624 2800 est
647 2739 771 2802 dictum.

215 2842 320 2887 Blesum
419 2823 521 2893 <1).>
547 2825 653 2905 Itaque
668 2824 851 2909 Boletium
873 2847 911 2887 ex
925 2827 1073 2888 Romanis
1090 2826 1266 2888 auctoribus
1283 2826 1407 2903 ingenio
1430 2826 1473 2884 fa-

330 2913 499 2990 cundiaque
515 2913 759 2974 illustrissimum
777 2914 968 2992 praetaxatis
991 2914 1166 2976 auctoribus
1187 2933 1314 2992 appone,
1339 2913 1390 2990 qui
1413 2933 1472 2973 non

331 3000 427 3062 solnm
457 3000 572 3060 virtute
596 3000 781 3078 sapientiae,
811 3000 863 3060 sed
893 3006 925 3061 et
956 3001 1077 3062 divitiis
1108 3009 1138 3062 et
1167 3021 1282 3061 morum
1313 3001 1474 3060 honestate

295 3087 445 3148 sedicitur
467 3085 615 3148 floruisse.

417 3175 460 3233 Μ.
485 3174 530 3232 De
553 3179 711 3233 auctorum
735 3173 868 3234 moribus
892 3173 943 3234 vel
972 3174 1095 3235 diviciis
1125 3180 1223 3235 tecum
1254 3172 1391 3234 conferre
1413 3192 1473 3232 non

331 3259 495 3339 proposui,
525 3260 577 3320 sed
610 3260 683 3336 quid
713 3260 744 3318 iu
775 3280 876 3321 eorum
899 3259 1022 3340 scriptis
1046 3261 1247 3340 quaerendum
1274 3259 1402 3320 materia
1425 3260 1475 3320 vel

332 3348 502 3408 intentione
525 3347 636 3419 fuerit,
667 3346 778 3425 quibus
805 3348 922 3425 agnitis
946 3353 1031 3408 totus
1054 3351 1208 3427 profectus
1232 3352 1315 3410 esset
1334 3347 1366 3408 in
1390 3346 1475 3424 agni·

420 3522 432 3561 5
465 3536 529 3572 man
548 3521 675 3572 erwartet
694 3516 829 3570 ‘imitetur’
849 3517 925 3585 (oder
942 3517 1043 3571 vorher
1061 3515 1225 3585 ‘sequitur');
1245 3533 1266 3570 s.
1286 3516 1354 3569 oben
1372 3515 1412 3580 52,
1432 3513 1474 3567 25.

403 3593 432 3630 27
466 3589 515 3641 das
534 3589 577 3642 Ι).Δ
590 3604 641 3640 vor
657 3586 750 3655 itaque
768 3585 845 3639 fehlt.

593 3695 645 3702 u—--

421 3759 559 3826 erroneos]
579 3757 708 3824 Anklang
727 3775 761 3810 an
780 3758 831 3811 den
849 3756 1059 3828 Philipperbrief
1073 3756 1097 3820 4,
1116 3756 1140 3809 8.

405 3827 608 3880 rancescat.
627 3827 655 3896 l.]
676 3828 785 3894 seben
804 3827 844 3889 27,
866 3827 905 3879 17.

405 3898 447 3966 19]
466 3897 543 3950 nicht
562 3897 604 3949 die
622 3914 677 3948 von
695 3883 822 3964 Ostcrley
840 3895 930 3962 hersg.
950 3893 1262 3965 spatmittelalterlichen
1281 3893 1365 3948 Gesta
1377 3893 1475 3946 Roma-

333 3985 437 4030 norum,
457 3967 573 4019 sondern
586 3965 725 4019 Orosius
743 3965 780 4018 ist
798 3964 858 4016 hier
876 3965 1008 4030 genreint3
1027 3981 1057 4016 es
1069 3963 1158 4017 heisst
1168 3964 1210 4017 bei
1224 3962 1379 4016 demeelben
1392 3963 1423 4026 V,
1435 3963 1475 4025 15,

336 4038 381 4089 19:
406 4037 434 4087 in
458 4036 594 4103 trumaplro
619 4039 680 4088 crete
704 4049 812 4087 carrum
839 4050 899 4086 erran
922 4033 1026 4086 duobus
1047 4033 1114 4097 filiis
1136 4033 1195 4084 suis
1219 4038 1296 4085 aelios
1320 4037 1344 4084 el
1366 4048 1428 4084 raca
1446 4031 1477 4082 in

335 4121 441 4159 carcaa
458 4107 647 4171 strcapulctus
664 4109 708 4156 est.

405 4174 447 4242 ⁴21]
468 4173 562 4238 Sall,
582 4175 672 4240 iugc
687 4173 716 4225 l:
735 4171 821 4224 Falso
839 4172 963 4239 asseritur
982 4171 1013 4224 dc
1032 4177 1133 4224 auterre
1152 4187 1203 4223 auo
1220 4185 1305 4238 perure
1322 4171 1475 4236 homocum,

336 4243 551 4363 q²⁶⁰d2inb³⁰im⁶
570 4249 649 4364 cipue
668 4244 739 4364 mil
746 4241 834 4363 trapis
848 4242 918 4320 forte
934 4241 1029 4363 poplites
1047 4257 1131 4363 camp
1144 4241 1407 4363 priapolep,repc1,trrrr,o>3

406 4318 428 4337 ‘¹
518 4354 522 4363 .
740 4327 948 4363 nacrnrsmus
992 4327 1090 4363 uov.
1147 4327 1218 4373 im,
1262 4327 1302 4362 e.
1349 4351 1354 4361 .
1409 4326 1476 4366 ,εο-

335 4381 385 4434 wic
404 4312 725 4447 mdiriegAriidkglisiidnl.
744 4329 930 4450 Appaiatteile
948 4397 982 4432 zu
1000 4327 1040 4444 2g7,
1062 4380 1100 4432 14.
1132 4329 1146 4364 r
1277 4326 1295 4376 g
