3316 5170
759 359 974 416 ..43-

292 535 323 590 et
351 527 474 588 subtilis
503 527 667 604 indagator
697 527 843 588 ecclesiae
874 525 1066 607 primitivae,
1094 547 1152 588 uno
1189 528 1354 605 eodemque
1389 527 1437 588 die

292 617 396 676 ambos
420 615 567 693 martyrio
591 620 753 676 coronatos
776 616 831 675 sub
854 614 983 676 Nerone.

179 730 280 773 elatea
378 719 417 778 l).
442 714 541 779 Miror
564 716 643 794 quod
666 714 852 800 auctorliste
881 718 929 778 vel
952 717 1152 789 Prudentius,
1181 717 1233 795 qui
1258 722 1289 778 et
1312 718 1367 778 hoc
1391 716 1437 778 ita

291 806 406 867 factum
434 825 498 865 esse
521 805 647 883 putavit
674 811 705 865 at
727 805 852 882 scriptis
879 805 1025 880 firmavit,
1050 805 1106 864 hac
1130 807 1272 881 poterant
1294 803 1438 882 opinione

269 892 401 964 odeludi,
425 911 491 951 eum
514 899 642 968 uterque
665 891 818 969 potuisset
840 891 872 950 in
896 911 930 953 eo
953 891 1034 963 loce,
1057 891 1110 950 ubi
1133 890 1274 951 martirio
1298 891 1438 952 coronati

290 984 370 1052 sunt,
391 980 507 1039 Romae
530 976 658 1057 scilicet,
683 977 909 1057 cognoscendae
932 976 1060 1039 veritati
1083 977 1229 1055 perfacile
1252 977 1405 1038 inclinari.

377 1084 419 1142 M.
442 1083 479 1142 In
496 1082 634 1143 humanis
650 1083 769 1143 actibus
785 1082 883 1141 multa
898 1082 984 1155 fiunt,
1000 1102 1077 1159 quae
1093 1088 1262 1160 temporum
1283 1086 1438 1142 vetustate

173 1203 176 1208 ,
291 1175 345 1230 aut
368 1169 507 1230 delentur
529 1188 548 1229 a
568 1170 717 1231 memoria
747 1168 970 1230 succedentium
995 1168 1228 1245 generationum
1258 1173 1311 1229 ant
1335 1170 1437 1229 obscu-

290 1263 407 1329 rantur,
424 1263 455 1316 et
470 1257 637 1317 seculorum
658 1255 827 1317 mutatione
845 1256 1034 1333 temporibus
1051 1256 1278 1321 alternantibus
1294 1255 1437 1317 veritatis

256 1343 364 1404 10fides
387 1343 510 1404 tollitur
543 1348 574 1402 et
603 1343 685 1403 faeta
710 1347 875 1422 teguntur;
903 1362 966 1404 non
990 1349 1036 1403 est
1059 1362 1131 1420 ergo
1155 1342 1277 1416 mirum,
1306 1342 1332 1402 si
1355 1342 1439 1402 tanti

292 1431 457 1507 scriptores
473 1427 597 1507 scriptis
613 1429 676 1490 suis
695 1430 868 1508 opinionem
881 1430 1037 1507 vulgarem
1055 1428 1152 1489 secuti
1163 1435 1242 1504 sunt,
1262 1449 1328 1489 eum
1343 1449 1438 1506 usqua

293 1516 382 1578 hodie
397 1517 502 1590 multa,
522 1536 598 1595 quae
611 1535 773 1594 numquam
789 1536 865 1577 vera
878 1516 1011 1588 fuerunt,
1022 1516 1106 1577 cordi
1127 1537 1180 1576 sno
1194 1537 1278 1578 error
1289 1517 1437 1576 humanus

292 1610 323 1664 et
344 1603 462 1664 invitus
486 1603 645 1678 admittat,
673 1603 841 1665 verissimis
869 1602 957 1663 fidem
980 1603 1035 1662 vix
1058 1603 1211 1664 adhibeat.
1256 1604 1318 1664 Nec
1341 1622 1439 1682 parva

291 1690 363 1750 talis
378 1691 549 1768 temptatio,
573 1690 626 1750 ubi
647 1690 731 1751 cordi
751 1695 854 1751 nostro
872 1691 934 1750 lere
958 1689 1057 1750 latent
1072 1690 1182 1763 omnia,
1207 1711 1332 1767 quorum
1351 1689 1438 1750 nulla

257 1788 282 1830 1⁵
292 1777 375 1839 visus
392 1777 531 1837 admittit
548 1777 670 1837 iudicia.
700 1777 808 1838 Nonne
831 1782 863 1836 et
879 1797 941 1838 mos
964 1777 1185 1853 scripturarum
1208 1784 1255 1837 est
1277 1776 1438 1837 secundnm

292 1864 380 1942 vulgi
402 1865 575 1943 opinionem
598 1863 764 1941 aliqnando
787 1870 890 1924 texere
914 1863 1061 1924 orationis
1084 1863 1213 1925 seriem?
1242 1864 1278 1924 de
1301 1863 1438 1924 Ioachim

292 1951 438 2052 adtende,
470 1951 521 2029 qni
551 1957 582 2011 et
605 1950 719 2010 dieitur
746 1950 893 2011 dormisse
924 1970 990 2011 cunr
1020 1951 1161 2027 patribus
1184 1950 1246 2011 suis
1270 1956 1301 2010 et
1323 1949 1438 2011 occisus

292 2037 395 2100 fuisse.

379 2125 418 2184 D.
442 2126 576 2184 Putasne
591 2123 756 2185 veniabilis
777 2144 816 2183 an
835 2123 1024 2202 periculosus
1045 2143 1128 2184 error
1142 2123 1210 2197 iste,
1234 2123 1287 2183 ubi
1306 2123 1439 2201 scriptor

257 2211 410 2272 20nesoius
433 2211 572 2289 sequitur
595 2211 750 2272 hominum
774 2210 957 2288 opinionem,
983 2230 1043 2271 non
1066 2210 1136 2270 fidei
1159 2209 1347 2271 veritatem?

378 2316 419 2378 Μ.
444 2315 513 2376 Non
531 2335 625 2393 grave
641 2315 803 2376 discrimen
824 2315 857 2374 in
874 2313 1047 2375 huiusmodi
1062 2314 1232 2387 erroribus;
1254 2313 1296 2374 sit
1319 2318 1438 2374 tantum

293 2401 330 2462 ad
368 2409 534 2463 creatorem
573 2403 670 2462 iustus
701 2402 821 2462 animus
845 2408 875 2462 et
907 2407 1011 2462 rectae
1041 2400 1112 2462 fidei
1139 2401 1253 2480 gradus
1283 2401 1437 2465 immotus.

292 2490 388 2550 Porro
423 2489 459 2550 de
493 2508 587 2549 causa
620 2489 705 2549 finali
733 2489 809 2549 satis
840 2488 977 2567 superius
1000 2487 1116 2550 dictum
1140 2492 1194 2552 est.
1239 2487 1316 2548 Fuit
1338 2493 1438 2548 autem

189 2605 196 2620 ·
292 2581 399 2637 arrotor
421 2577 479 2636 iste
502 2576 691 2653 temporibus
712 2574 887 2638 cassiodori
910 2574 972 2637 viri
1003 2595 1057 2652 per
1081 2574 1183 2636 omnia
1205 2573 1329 2652 ingenio
1352 2594 1438 2652 prae·

258 2671 283 2712 25
292 2662 458 2723 clarissimi
473 2668 505 2723 et
520 2663 673 2723 Prisciani
688 2663 882 2741 grammatici
901 2662 1000 2740 quiet
1022 2662 1133 2722 librum
1157 2682 1242 2722 snum
1259 2661 1380 2723 Iuliano
1403 2661 1439 2721 de

291 2755 357 2809 arte
381 2750 583 2829 grammatica
612 2750 644 2809 in
668 2749 939 2827 Constantinopoli
969 2747 1093 2828 optulit.
1117 2748 1212 2811 Porro
1236 2748 1301 2827 ipse
1324 2750 1439 2808 Arator

291 2835 404 2897 librum
435 2857 521 2897 sunm
545 2837 666 2916 publice
700 2857 802 2897 coram
826 2836 945 2915 Vigilio
977 2855 1057 2914 papa
1080 2836 1167 2914 legit.
1211 2834 1439 2914 consequenter

361 3039 404 3108 ac]
423 3037 668 3108 constantinopoli
688 3039 730 3107 (=
750 3036 807 3106 im)-

379 3229 405 3299 3]
424 3228 659 3290 Prudentius,
677 3226 823 3298 peristeph.
843 3225 902 3289 XII,
922 3227 937 3278 5
955 3225 974 3277 f.
994 3225 1034 3278 ed.
1054 3224 1180 3279 Dressel:
1208 3241 1281 3277 nnus
1298 3230 1440 3292 utrumque

291 3299 358 3365 dies,
374 3303 454 3368 pleno
472 3303 561 3352 tannen
579 3299 725 3350 innonatur
743 3294 914 3350 arrno‘oidit
930 3294 1048 3362 superba
1066 3300 1148 3348 niorto
1166 3295 1326 3348 laurentum.

362 3369 404 3436 16]
422 3368 469 3422 IV.
487 3367 554 3434 Reg.
573 3367 614 3432 24,
634 3368 664 3420 5:
688 3371 712 3420 ct
731 3364 860 3418 dormivit
878 3363 985 3418 Ionlcim
1003 3379 1062 3417 cnm
1080 3363 1207 3430 patribus
1224 3363 1295 3426 saia
1315 3363 1437 3430 dagegen

290 3439 323 3492 ΙΙ.
342 3437 460 3507 Paralip.
479 3437 520 3500 36,
531 3437 581 3490 ou.
593 3443 631 3489 d:
650 3435 770 3489 cinctum
788 3434 891 3488 rutenis
910 3432 1041 3486 duritia
1053 3433 1230 3500 Babylonem.
1257 3421 1331 3496 Uber
1344 3432 1438 3485 diesen

290 3506 486 3630 {Vigprpprrpolr
502 3524 528 3627 ἰ..
545 3505 739 3643 Ιξθτῑος-Ρίἱῒὺ,
757 3501 1024 3572 Realencyklopadie
1042 3502 1061 3554 f.
1080 3505 1149 3571 prot.
1164 3501 1256 3555 Theol.
1269 3501 1321 3555 Vll
1339 3499 1437 3569 (1880),

313 3617 319 3629 .
403 3617 408 3629 .
458 3592 501 3629 oa
522 3593 578 3628 1m.

362 3649 391 3686 19
418 3577 528 3712 ritadne]
547 3643 602 3710 vgl.
622 3662 657 3696 zu
675 3643 716 3708 39,
737 3645 760 3697 5.

361 3715 404 3782 24]
423 3715 461 3768 im
479 3715 614 3782 Anonym.
633 3713 732 3766 Mellic.
752 3713 827 3766 steht
844 3713 892 3766 der
909 3711 1057 3766 Abschnitt
1073 3713 1139 3766 iiber
1152 3713 1253 3765 Arator
1274 3710 1435 3765 mitteninne

291 3783 427 3838 zwischen
452 3784 503 3836 den
528 3783 576 3835 anf
593 3782 738 3835 Cassiodor
760 3783 815 3835 und
833 3781 957 3835 Priscian
984 3781 1089 3849 beziigl.
1108 3781 1242 3834 Artikeln.
1281 3779 1370 3834 Schon
1389 3781 1436 3833 der
1478 3784 1483 3792 '

291 3854 378 3906 Anon.
404 3852 478 3906 Mell.
503 3851 652 3918 verteidigt
676 3852 727 3904 den
751 3851 874 3904 Priscian
897 3868 986 3918 gagen
1011 3852 1063 3904 den
1086 3851 1217 3904 Vorwurf
1241 3851 1289 3903 der
1312 3849 1435 3911 H'aresie,

291 3922 344 3975 den
361 3921 410 3974 wir
428 3920 568 3991 spaterhin
592 3921 634 3973 bei
652 3920 732 3987 Hugo
755 3938 810 3974 von
828 3919 984 3986 Trimberg,
1003 3921 1036 3973 V.
1057 3919 1106 3973 178
1124 3920 1166 3984 ff.,
1192 3921 1272 3972 unter
1295 3918 1436 3971 Berufuntr

292 3991 341 4044 auf
357 3990 461 4044 Alanus
481 3991 514 4043 ab
532 3989 633 4043 Insulis
653 3990 686 4058 [s.
705 3989 786 4054 Leist,
807 3989 994 4042 Seehausener
1012 3988 1107 4056 Progr.
1123 3988 1197 4051 1881,
1216 3987 1334 4050 nr0214,
1352 4005 1377 4056 p.
1387 3955 1435 4055 47}

291 4078 325 4114 zu
343 4059 464 4113 starkem
483 4059 629 4112 Ausdruck
647 4058 775 4112 kommen
793 4058 884 4112 sehen.
920 4058 1031 4111 Konrad
1050 4057 1157 4112 enthtlt
1174 4057 1232 4110 sich
1251 4057 1299 4110 der
1308 4055 1433 4109 Ausfdlle

291 4145 379 4196 gagen
396 4128 536 4191 Priscian;
555 4128 610 4196 vgl.
630 4127 700 4180 auch
719 4127 788 4180 oben
807 4127 832 4180 S.
852 4127 893 4190 28,
913 4128 955 4180 20.

362 4197 404 4265 26]
429 4198 533 4250 Anon.
559 4196 647 4250 Mell.
676 4197 721 4250 17:
757 4199 860 4251 Auctor
882 4214 926 4248 μ
950 4194 1120 4264 postmodam
1144 4194 1215 4248 clero
1239 4200 1264 4247 et
1287 4193 1389 4262 popello
1413 4195 1439 4244 ct

292 4267 441 4390 gpclspplr'cp
462 4267 570 4336 publice
594 4267 666 4334 legit.
702 4266 764 4333 Vgl.
789 4265 838 4319 Th.
862 4266 934 4332 But,
960 4266 1010 4318 das
1035 4263 1127 4317 antike
1152 4262 1334 4327 Buchwesen‚
1362 4260 1436 4325 1882,

312 4378 318 4389 .
407 4353 482 4388 oen.
