3316 5170
772 399 984 456 ,20-

395 567 438 627 Μ.
461 567 570 628 Melior
591 571 638 628 cst
660 567 764 645 itaque
780 566 865 644 quies
888 567 921 626 in
944 565 1068 628 silentio
1094 586 1182 644 quam
1205 565 1305 626 aliena
1327 564 1364 625 de
1388 570 1452 626 stu·

309 653 369 714 diis
391 654 506 714 nostris
530 653 667 718 offensio.

396 741 434 800 Ι).
474 740 580 803 Nichil
606 739 780 800 huiusmodi
811 739 961 811 verearis;
995 744 1106 801 fascem
1133 739 1212 800 enim
1240 741 1358 802 viribus
1387 740 1450 801 tuis

309 827 461 906 imponam
485 829 527 888 sic
552 825 748 904 aequabilem,
772 831 889 887 utnon
906 825 1032 886 multam
1055 825 1182 898 laudem,
1201 827 1228 887 si
1243 828 1373 902 steteris,
1396 848 1450 888 nec

285 916 436 975 bmultam
460 913 669 975 confusionem
691 913 841 988 incurras,
864 913 891 973 si
913 913 1021 978 rueris.

394 1001 437 1060 Μ.
460 1001 525 1061 Hac
541 999 716 1062 conditione
732 999 829 1061 solida
845 1019 920 1060 onus
937 997 1078 1077 suscipio,
1096 999 1174 1076 quod
1190 999 1382 1079 imposueris,
1399 1001 1452 1062 ubi

308 1089 336 1148 si
354 1107 472 1165 quoquo
488 1087 575 1148 modo
588 1107 762 1168 processero
772 1107 852 1147 vana
868 1087 968 1164 gloria
978 1106 1039 1147 non
1052 1090 1180 1163 effluam,
1198 1087 1226 1146 si
1237 1108 1322 1149 secus
1336 1108 1452 1149 merear

307 1174 541 1252 indulgentiam.
563 1173 698 1251 Require
713 1173 812 1251 igitur
827 1173 858 1234 in
877 1175 932 1234 hoc
949 1173 1033 1234 bivio
1050 1173 1129 1250 quod
1140 1173 1283 1247 volucria,
1300 1175 1354 1236 ubi
1370 1175 1452 1235 latus

307 1266 468 1339 utrumque
491 1259 557 1339 tegi
578 1266 681 1339 potest
700 1260 781 1321 inter
796 1280 927 1321 amorem
942 1266 973 1322 et
989 1259 1091 1321 odium
1108 1260 1158 1321 vel
1172 1260 1262 1322 amici
1279 1263 1327 1322 vel
1343 1261 1450 1322 hostis.

273 1359 300 1400 10
395 1347 434 1407 D.
459 1348 612 1409 Seculeris
631 1347 812 1426 disciplinae
828 1367 964 1426 congrue
979 1367 1063 1406 meae
1075 1347 1218 1408 tarditati
1236 1348 1308 1408 dere
1324 1369 1452 1428 spopon-

309 1435 398 1496 deras
412 1435 484 1495 olim
494 1434 676 1510 rudimenta,
693 1434 802 1511 quibus
816 1455 834 1494 a
846 1434 1014 1494 minoribus
1026 1432 1206 1512 quibusdam
1215 1436 1391 1497 auctoribus
1404 1436 1452 1496 in·

310 1521 440 1600 ciperem
465 1526 496 1582 et
518 1542 572 1600 per
595 1522 650 1582 hos
674 1521 713 1581 ad
735 1521 866 1581 maiores
891 1520 1079 1599 pervenirem
1103 1529 1134 1582 et
1155 1521 1268 1600 gradus
1293 1529 1450 1584 auctorum

309 1607 489 1670 inferiorum
518 1608 637 1669 occasio
666 1608 742 1668 mibi
772 1609 880 1668 fierent
910 1609 942 1666 iu
965 1607 1108 1669 discendo
1131 1596 1353 1700 superiorumll
1377 1609 1452 1670 Cum

310 1696 390 1757 enim
414 1695 547 1754 minimis
577 1695 726 1756 minorum
754 1700 912 1755 auctorum
940 1694 1102 1755 sententiis
1126 1702 1257 1756 mentem
1280 1701 1449 1758 averterem

274 1789 341 1844 1bet
362 1783 395 1843 in
418 1781 583 1843 maioribus
607 1783 673 1842 ocia
695 1788 832 1852 tererem,
863 1781 982 1842 solebas
1006 1781 1177 1843 studentem
1196 1783 1273 1843 iocis
1295 1785 1454 1862 exagitare

311 1869 399 1947 quasi
421 1890 467 1931 me
489 1869 572 1930 inter
594 1868 747 1930 condensa
769 1869 915 1928 silvarum
939 1869 1000 1928 iter
1021 1874 1137 1928 rectum
1158 1875 1320 1948 utcumque
1335 1890 1453 1932 conser-

310 1961 449 2032 vantem,
482 1955 514 2015 in
538 1956 638 2034 aperti
660 1955 762 2034 campi
789 1955 921 2034 planicie
955 1955 1091 2034 turpiter
1117 1955 1301 2030 deviantem,
1330 1957 1386 2019 hoc
1405 1964 1453 2018 est

310 2044 343 2104 in
374 2042 510 2121 graviori
541 2042 689 2102 nobilium
723 2049 881 2103 auctorum
911 2061 1000 2102 sensu
1029 2055 1192 2121 utcumque
1220 2049 1392 2120 reptantem
1422 2051 1454 2106 et

310 2131 343 2190 in
365 2129 533 2190 minoribus
560 2128 760 2190 deficientem.
806 2129 939 2189 Dicebas
968 2149 1040 2206 ergo
1064 2129 1155 2190 venia
1178 2129 1337 2208 indignam
1361 2131 1453 2192 offen·

276 2217 425 2278 20siouem
452 2216 486 2278 in
513 2215 663 2289 minimis,
686 2217 760 2276 lieet
782 2219 909 2293 quisque
937 2215 979 2275 sit
1002 2215 1161 2293 expeditus
1192 2216 1224 2276 iu
1253 2217 1390 2295 magniS,
1422 2225 1453 2278 et

311 2303 455 2382 quicquid
478 2303 625 2364 maiorum
655 2311 811 2364 auctorum
835 2303 987 2363 conferret
1009 2302 1152 2376 scientia,
1176 2303 1325 2364 minorum
1349 2307 1453 2365 obscu-

309 2399 395 2452 raret
416 2390 615 2468 negligentia.

379 2470 439 2563 llll.
463 2475 544 2549 Quid
567 2477 665 2554 igitur
688 2476 719 2535 in
742 2475 791 2535 bis
815 2475 974 2536 dicendum
997 2476 1178 2554 ambagibus
1201 2477 1325 2537 censes?
1370 2477 1451 2550 Quid

310 2561 360 2625 vel
383 2564 551 2642 dequibus
574 2562 769 2640 interrogas?
1303 2577 1305 2582 ’

275 2658 302 2700 25
398 2650 437 2709 l).
460 2649 640 2723 Snmmntim
669 2657 700 2710 et
723 2649 850 2727 quodam
877 2648 1032 2709 breviario
1060 2668 1167 2728 precor
1197 2649 1347 2727 explicari
1370 2671 1388 2710 a
1410 2656 1451 2727 te,

217 2752 220 2762 ¹
312 2737 385 2816 quid
407 2738 439 2796 in
468 2736 600 2816 singulis
620 2738 797 2798 auctoribus
825 2737 1005 2810 scolasticis
1026 2737 1134 2812 quibus
1158 2735 1253 2796 imbui
1281 2735 1456 2796 floribunda

311 2825 541 2901 tyrunculorum
565 2824 664 2884 solent
687 2823 826 2900 ingenia,
853 2822 1066 2901 requirendum
1089 2822 1132 2882 sit
1153 2821 1234 2882 idest
1257 2823 1325 2900 quis
1348 2830 1453 2884 auctor

311 2911 370 2983 sit,
397 2910 483 2989 quid,
515 2915 675 2988 quantum,
706 2909 825 2988 quando
850 2911 898 2969 vel
923 2909 1070 2986 quomodo
1100 2908 1180 2969 idest
1203 2915 1305 2970 utrum
1328 2911 1452 2970 metrice

312 2997 362 3058 vel
384 2997 523 3074 prosaice
545 2997 714 3075 scripserit,
746 3016 805 3074 qua
834 2997 928 3056 etiam
951 2996 1080 3056 materia
1105 2996 1153 3056 vel
1182 2995 1354 3057 intentione
1376 3016 1452 3075 opus

275 3083 457 3163 30cuiusque
479 3085 636 3146 exordium
667 3083 845 3160 sumpserit,
875 3082 914 3143 ad
938 3103 1024 3160 quem
1048 3083 1137 3143 finem
1158 3082 1227 3160 ipsa
1250 3083 1451 3162 scriptionum

312 3171 407 3231 series
429 3171 528 3231 relata
551 3168 616 3266 sitii
638 3170 757 3243 Quaero
781 3171 873 3230 etiam
899 3169 935 3230 de
957 3170 1072 3248 pagine
1094 3168 1238 3242 liminari,
1262 3170 1335 3247 quid
1357 3170 1452 3232 distet

311 3258 393 3318 inter
415 3257 540 3318 titulum
564 3267 595 3318 et
618 3257 839 3335 praefecionem
870 3263 901 3317 et
923 3257 1090 3335 proemium
1113 3263 1144 3316 et
1166 3257 1340 3334 prologum,
1371 3257 1453 3318 inter

311 3351 432 3423 poetam
468 3352 498 3404 et
536 3342 814 3423 historiographum
847 3350 878 3404 et
899 3344 1132 3416 sermonarium,
1168 3343 1248 3422 inter
1277 3343 1391 3421 possim
1422 3349 1453 3405 et

312 3451 426 3509 poema,
448 3431 530 3490 inter
547 3433 791 3509 explanationem
812 3436 844 3491 et
866 3424 1087 3509 expositionem
1109 3439 1140 3492 et
1155 3430 1452 3492 lucubratiunculam

276 3523 344 3578 3bet
370 3518 619 3594 translationem,
651 3522 732 3580 iuter
759 3517 952 3597 allegoriam,
984 3518 1188 3596 tropologiam
1218 3522 1249 3577 et
1276 3537 1451 3596 anagogem

313 3605 386 3682 quid
413 3605 456 3664 sit
482 3605 576 3679 liber,
605 3605 678 3682 quid
708 3625 814 3684 prosa,
847 3605 920 3682 quid
948 3602 1098 3678 rihtmus‚
1130 3602 1202 3681 quid
1229 3604 1345 3684 fabula,
1376 3625 1454 3682 quae

403 3777 540 3847 3fascem]
559 3778 603 3830 fas
621 3783 656 3831 ee
675 3779 718 3846 (=
730 3776 803 3843 esse)
821 3775 932 3829 uiribus.

386 3850 413 3887 11
435 3846 608 3917 quibusdam]
627 3846 725 3915 quibus
749 3863 763 3897 e
787 3847 831 3914 (=
844 3845 910 3912 cet);
931 3876 963 3882 -
983 3844 1047 3896 oder
1064 3842 1115 3897 lies
1137 3841 1282 3912 ‘quidem’‘?

387 3915 460 4036 16ΐέ
477 3921 685 3970 conservantem
703 3915 755 3968 hoc
773 3918 816 3968 est
834 3914 862 3966 in
880 3913 974 3983 aperti.

385 3988 442 4036 210
463 3987 596 4055 seuraret]
615 4003 680 4038 man
697 3987 827 4038 erwartet
845 3984 897 4037 den
914 3981 991 4035 Infin.
1011 3983 1044 4051 (c.
1063 3980 1140 4048 Ace.)

403 4113 413 4148 1
448 4079 747 4169 silentio-:offensio
765 4102 979 4169 beabsichtigter
995 4101 1095 4156 Reim‘?
1113 4101 1168 4168 vgl.
1187 4101 1214 4154 Z.
1233 4101 1264 4153 21
1284 4101 1303 4154 f.

387 4179 416 4217 15
450 4174 517 4228 ‘ocia
534 4177 631 4230 terere’
695 4190 758 4240 erg,
779 4175 845 4227 Aen.
857 4173 881 4238 4,
896 4172 957 4239 271)
980 4171 1096 4225 braucht
1114 4170 1225 4223 Konrad
1244 4170 1313 4223 auch
1325 4169 1364 4222 im
1377 4169 1454 4239 Sper.

317 4244 389 4312 virg.
409 4244 450 4298 Bl.
470 4245 529 4301 312
550 4246 582 4314 (s.
602 4262 637 4297 m.
667 4242 813 4309 'inleitung
833 4242 858 4296 S.
878 4241 894 4294 6
912 4241 951 4308 ff.)

386 4315 428 4383 16]
447 4309 618 4380 vgl.‘Hugo
637 4313 674 4366 de
693 4311 718 4366 S.
738 4311 892 4374 Victore,
912 4309 1005 4377 Migne
1025 4309 1081 4374 176,
1101 4309 1163 4363 793:
1189 4309 1315 4377 quesite
1341 4307 1454 4363 conden-

314 4386 395 4438 sitate
413 4383 500 4436 sallus
517 4383 645 4435 oberrans
664 4382 796 4435 tramitem
814 4381 881 4434 recti
900 4379 1008 4432 ltirreris
1023 4379 1155 4448 perdidit.
