3316 5170
688 351 900 406 „35-

216 515 320 590 ferina,
344 515 449 594 lupum
465 537 537 577 vero
557 517 702 595 superius,
726 517 777 578 sed
793 518 897 595 lupum
921 519 1158 581 calumniantem
1181 541 1215 582 ac
1239 543 1293 599 per
1306 524 1362 584 hoc

217 621 329 680 agnum
353 603 418 662 siue
441 623 530 664 causa
553 605 807 682 strangulantem.

303 689 342 748 1).
366 689 615 768 Quandoquidem
635 692 782 752 rationali
805 697 962 752 creaturae
986 694 1120 754 moribus
1136 695 1275 755 devianti
1295 717 1362 756 eon·

216 775 296 836 ferre
319 775 441 849 videtur
471 777 642 837 fabularum
675 778 850 839 huiusmodi
873 779 1040 853 contextio,
1073 781 1122 840 vel
1151 781 1243 842 istam
1266 783 1361 843 solam

217 864 333 923 resolve
357 862 393 922 de
416 864 487 940 lupo
511 871 541 924 et
565 884 655 942 agno.
1382 894 1396 934 5

302 951 346 1012 M.
374 949 559 1011 Naturarum
598 952 725 1012 istarum
760 972 818 1012 non
857 973 954 1030 parva
994 953 1144 1014 distantia
1178 962 1232 1027 est,
1262 956 1360 1016 altera

217 1037 336 1115 quidem
359 1036 484 1097 immani
508 1037 632 1099 feritate
656 1039 793 1112 rabiosa,
813 1040 912 1100 altera
934 1041 1070 1100 naturali
1094 1041 1224 1120 quadam
1247 1042 1360 1121 simpli-

216 1125 310 1185 citate
333 1122 484 1202 praedita.

301 1210 340 1270 D.
363 1210 498 1282 Quorum
522 1209 619 1287 igitur
641 1216 754 1287 gerunt
776 1211 1032 1272 similitudinem?

301 1298 344 1356 M.
366 1299 528 1375 Raptores,
552 1296 727 1374 praedones,
752 1298 962 1359 heresiarchas
983 1300 1070 1376 lupos
1087 1299 1223 1361 rabiosos
1238 1302 1359 1376 dixeris,
1370 1327 1395 1367 10

215 1404 341 1461 quorum
373 1404 440 1444 esea
471 1385 555 1444 vitae
581 1383 788 1444 innocentium
819 1386 907 1463 quasi
937 1406 1083 1463 agnorum
1113 1395 1202 1464 sunt,
1234 1410 1293 1449 non
1322 1392 1359 1451 ob

214 1469 308 1531 aliam
330 1491 451 1531 causam
474 1471 524 1531 vel
546 1469 667 1546 culpam
695 1470 755 1530 nisi
785 1472 857 1550 quia
887 1474 1015 1533 maiores
1045 1473 1212 1534 minoribus
1240 1477 1360 1536 malitia

215 1557 265 1618 vel
295 1563 447 1634 potestate
478 1558 655 1635 praevalere
690 1563 834 1635 possunt;
877 1559 929 1620 ubi
957 1560 1037 1620 enim
1067 1560 1191 1621 additur
1221 1569 1359 1639 potestas

216 1643 366 1718 maliciae,
390 1644 469 1723 quod
492 1648 591 1704 restat
613 1644 777 1704 remedium
799 1645 992 1724 innocentiae
1014 1647 1238 1709 defensandae?

301 1731 340 1791 l).
364 1730 468 1791 Niohil
499 1736 600 1791 tutum
630 1732 758 1810 pauperi
785 1753 852 1793 cum
885 1733 994 1808 divite,
1033 1735 1170 1811 quamvis
1200 1756 1297 1813 genus
1329 1741 1395 1800 stre

215 1817 330 1895 speeies
358 1818 470 1896 iungat
500 1822 652 1894 utrosque.
695 1817 756 1880 Sed
786 1819 823 1880 de
852 1820 982 1880 materia
1012 1820 1061 1882 vel
1090 1821 1263 1883 intentione
1295 1822 1358 1884 eius

216 1924 305 1981 quam
328 1905 388 1965 fers
411 1903 617 1965 senteutiam?

300 1992 344 2051 M.
367 1993 572 2053 Materiam
597 1991 661 2051 eius
678 1992 773 2070 ipsam
794 1992 923 2053 dixerim
942 1993 1167 2055 contextionem
1185 1995 1358 2056 fabularum

213 2098 251 2138 ex
279 2079 522 2140 consideratione
553 2084 706 2157 sumptam
741 2099 868 2140 morum.
895 2079 941 2141 vel
981 2087 1103 2142 actuum
1148 2082 1358 2155 humanorum;

212 2165 312 2225 traxit
335 2167 414 2226 enim
434 2165 534 2244 operis
556 2165 603 2226 sui
622 2166 782 2226 materiam
806 2187 842 2226 ex
856 2167 987 2227 humana
1009 2175 1131 2245 natura,
1156 2189 1231 2246 quae
1254 2175 1395 2232 tantaeao

212 2253 403 2331 corruptioni
425 2252 629 2313 mutabilitati
647 2257 695 2314 vel
718 2253 920 2331 passibilitati
944 2255 1078 2315 obnoxia
1098 2256 1300 2333 cognoscitur,
1324 2261 1358 2316 ut

213 2358 375 2415 numquam
397 2339 429 2398 in
453 2340 556 2400 eodem
579 2345 665 2400 statu
688 2361 867 2419 permanens
891 2361 1066 2419 morumque
1089 2342 1236 2403 malorum
1261 2342 1358 2403 varie·

214 2429 280 2484 tate
302 2420 531 2504 iurapropriae
554 2433 682 2487 naturae
702 2447 756 2504 per
780 2427 931 2488 malitiam
951 2428 1101 2489 astuciam
1131 2434 1162 2490 et
1185 2429 1357 2492 stulticiam

216 2517 403 2590 mentemque
427 2513 577 2573 rabiosam
594 2513 739 2574 excedens
762 2535 822 2575 uon
842 2514 994 2576 immerito
1015 2515 1124 2575 bestiis
1148 2516 1256 2594 pecudi
1276 2517 1358 2576 saxis

216 2600 246 2658 et
275 2597 369 2676 lignis
401 2600 597 2664 assimiletur.
647 2600 753 2661 Nonne
786 2602 877 2661 habes
909 2602 979 2662 huic
1015 2601 1157 2680 quiddam
1188 2603 1221 2663 in
1253 2603 1394 2665 divinans

215 2684 330 2761 pagina
352 2685 475 2745 simile?
507 2686 560 2746 nbi
590 2686 649 2746 iste
678 2687 819 2748 inatham
849 2688 931 2748 solus
963 2709 999 2748 ex
1029 2690 1178 2750 fratribus
1210 2690 1357 2767 salvatae,

214 2791 288 2848 quos
302 2769 483 2833 Abimelech
497 2772 676 2846 trucidavit,
695 2781 828 2835 montem
845 2774 982 2834 Gerizim
1003 2777 1140 2836 ascendit
1153 2780 1184 2836 ct
1200 2776 1357 2840 Sicimitas

214 2877 373 2937 regemque
397 2860 526 2920 electum
551 2861 588 2920 ab
609 2859 686 2938 ipsis
703 2861 878 2944 maledixit3
902 2861 984 2922 dixit
1004 2863 1185 2942 enimligna
1202 2864 1358 2924 silvestria

214 2945 308 3005 vitem
325 2952 356 3006 et
371 2947 483 3007 olivam
499 2948 646 3023 ficumque
661 2948 761 3009 adisse
777 2953 809 3008 et
831 2950 868 3008 ab
883 2950 960 3026 ipsis
983 2970 1074 3028 super
1098 2971 1129 3011 se
1150 2950 1356 3029 principatum

213 3032 366 3110 quaesisse
382 3032 434 3094 sed
450 3034 567 3093 frustra
579 3054 613 3105 ac
624 3054 678 3113 per
693 3037 750 3095 hoc
769 3055 907 3095 ramnum
919 3036 1041 3097 tandem
1060 3057 1162 3115 regem
1177 3039 1356 3102 obtinuisse.
1366 3057 1393 3098 eo

300 3119 338 3178 D.
362 3119 414 3180 Sic
437 3126 492 3194 est,
520 3120 571 3180 sed
595 3126 682 3199 patet
705 3143 742 3182 ex
765 3122 1015 3199 praecedentibus
1040 3133 1071 3185 et
1094 3125 1356 3202 subsequentibus,

212 3205 345 3283 qualiter
374 3227 422 3268 res
455 3207 644 3268 insensibilis
675 3205 884 3287 significativa
911 3210 1122 3289 intelligentia
1145 3219 1288 3272 consonet
1311 3232 1358 3271 ra-

212 3291 414 3355 tionabilibus
437 3294 654 3356 intellectibus

299 3381 342 3440 M.
366 3380 448 3440 Audi
465 3382 565 3458 ipsum
592 3381 759 3441 dominum:
785 3383 910 3460 ‘vulpes
934 3383 1042 3461 iuquit,
1067 3385 1171 3444 foveas
1189 3386 1302 3445 habent
1326 3389 1357 3444 et

213 3465 351 3527 volucres
385 3467 463 3528 caeli
495 3467 592 3528 nidos’
622 3475 654 3529 et
688 3469 761 3530 item
792 3469 892 3530 ‘dicite
922 3471 1008 3548 vulpi
1037 3470 1093 3530 illi’
1124 3470 1203 3531 idest
1233 3470 1393 3545 Herodian

476 3581 528 3588 -—.

282 3629 405 3698 11vitae]
423 3629 488 3682 vita.
819 3629 860 3698 18]
880 3629 938 3684 eius
957 3629 1072 3684 dixerim
1090 3631 1180 3701 ipsam
1199 3630 1321 3685 dixerim.

283 3697 325 3766 25]
345 3699 519 3752 assimilatur.
818 3698 988 3768 2⁷Garizim]
1008 3697 1138 3766 gazarim.

282 3844 325 3911 10]
345 3844 400 3910 vgl.
419 3843 586 3897 Ezechiel
605 3846 646 3908 22,
666 3845 712 3898 27:
731 3845 813 3912 qnasi
832 3846 892 3912 lupi
909 3845 1048 3914 rapientes
1064 3844 1203 3914 praedam.

282 3913 380 3966 2³iura
397 3931 436 3982 pr.
456 3913 494 3982 m]
514 3930 535 3966 s.
555 3913 597 3966 die
615 3913 694 3967 Notiz
714 3931 763 3968 aus
784 3914 845 3967 dem
864 3914 941 3984 Spec.
959 3915 1036 3981 Virg.
1056 3915 1124 3968 oben
1142 3932 1176 3967 zu
1194 3916 1234 3980 32,
1254 3916 1295 3970 23.

282 3981 325 4050 25]
345 3982 387 4035 die
404 3983 443 4034 im
462 3982 540 4035 Buch
558 3983 605 4036 der
622 3982 733 4036 Richter
751 3985 775 4048 9,
795 3983 881 4037 5-14
906 3983 1037 4037 stehende
1055 3984 1140 4037 Fabel
1165 3984 1212 4036 des
1231 3985 1356 4039 lentham

211 4049 279 4102 wird
296 4050 436 4104 mehrfach
457 4051 555 4115 citiam,
575 4069 605 4104 so
624 4052 667 4104 bei
685 4051 775 4116 Isid,
796 4071 833 4106 or.
852 4053 872 4116 I,
892 4052 932 4116 39,
952 4053 976 4106 6.

282 4119 325 4188 2⁸]
343 4120 411 4173 iiber
429 4119 592 4173 maledicere
611 4151 644 4159 -
662 4121 822 4174 benedicere
840 4122 890 4174 mit
908 4121 980 4175 Akk.
1000 4139 1021 4174 s.
1041 4121 1193 4185 Koffmane‚
1212 4123 1310 4178 Gesch.
1330 4127 1353 4178 d.

210 4188 376 4242 Kirchenlat.
396 4189 415 4252 Ι,
435 4190 476 4242 72.
496 4189 543 4252 78;
570 4189 744 4254 Thielmann,
768 4190 926 4258 Philologus
945 4191 1032 4254 XLII,
1052 4190 1116 4254 35&
1142 4191 1265 4257 Rbnsch,
1285 4194 1355 4247 Itala

210 4276 236 4312 u‘
255 4257 485 4395 viiiaiiaMi'a,
505 4328 552 4391 aa
571 4328 634 4381 nu..
654 4329 677 4392 e,
697 4328 738 4381 ee.
828 4328 959 4396 oodieite]
979 4328 1043 4382 Luc..
1064 4327 1103 4392 13,
1123 4328 1163 4381 32.

1203 4419 1232 4470 3.
