3316 5170
717 389 930 447 -53....

250 581 288 620 ex
311 562 447 636 materia,
470 568 520 622 ut:
543 563 698 641 incipiunt
714 560 859 633 bucolica,
883 554 1042 636 georgica;
1066 575 1104 614 ex
1119 561 1256 632 utroque,
1280 561 1315 614 ut
1337 556 1397 617 iste

251 647 374 708 libellus
405 650 535 709 accessit
562 650 600 710 ad
632 650 752 712 literam
790 648 846 709 hcc
877 644 979 705 modo:
1014 641 1169 712 oAttice‚
1193 650 1227 701 tu
1250 662 1342 720 rogas
1366 649 1396 703 et

252 734 307 794 hoc
330 737 382 796 vel
404 756 495 796 eausa
527 739 573 798 tui
596 739 645 798 vel
670 735 835 799 communis
859 731 1008 792 utilitatis
1032 729 1135 806 gratia
1158 729 1284 803 faciam,
1316 730 1397 790 sicut

251 822 407 882 amaiore
430 843 495 884 meo
519 824 647 885 Scevola
670 842 786 901 augure
808 821 925 895 Quinto
949 817 1050 879 idatio
1074 815 1195 894 percepi
1203 837 1210 889 ;
1239 817 1290 877 sed
1316 817 1394 895 quod

250 908 303 969 ille
327 908 439 982 docuit,
462 930 499 970 ne
523 912 578 972 hoc
603 911 722 989 quidem
751 929 823 969 ase
847 906 956 968 habuit
987 904 1066 982 quod
1090 903 1179 964 dixit.
1224 905 1266 964 Et
1289 903 1322 963 in
1345 905 1417 964 his⁵

250 996 352 1056 verbis
375 996 449 1056 libri
471 999 689 1059 commendatio
713 1002 769 1058 est.

335 1100 374 1160 1).
396 1099 561 1162 Materiam
594 1103 657 1164 eius
683 1103 732 1163 vel
754 1099 955 1160 intentionem
988 1096 1125 1175 requiro,
1150 1096 1223 1155 haec
1246 1095 1326 1155 enim
1351 1115 1394 1156 re·

248 1185 395 1262 quirenda
418 1189 581 1267 praecipue
604 1189 724 1250 dixeras
747 1188 779 1247 in
803 1187 952 1247 librorum
975 1183 1128 1245 exhordio.

334 1291 377 1350 Μ.
399 1292 557 1353 Materia
580 1292 644 1353 eius
668 1297 740 1354 sunt
763 1290 902 1351 amicicia
926 1295 957 1350 et
979 1294 1142 1367 praecepta
1164 1287 1237 1346 data
1262 1285 1299 1346 de
1322 1286 1394 1345 ami-

248 1376 335 1452 cicia,
359 1379 507 1455 quomodo
537 1381 584 1441 vel
620 1401 637 1440 a
667 1380 776 1458 quibus
807 1377 994 1456 quaerenda,
1027 1375 1155 1435 inventa
1185 1372 1430 1444 custodiendam

248 1463 286 1523 ad
310 1484 397 1541 quem
421 1467 510 1526 finem
533 1467 633 1527 virtus
669 1469 732 1528 eius
764 1466 807 1526 sit
829 1463 999 1528 referenda.
1044 1461 1228 1524 Intentio
1259 1461 1323 1520 eius
1346 1468 1392 1521 est

249 1550 375 1612 definire
400 1553 569 1613 amiciciam
593 1561 624 1614 et
647 1553 815 1614 definiendo
839 1550 1056 1622 commendare,
1079 1547 1314 1610 commendando
1337 1567 1393 1607 nos

248 1639 366 1699 hortari
398 1640 435 1699 ad
467 1640 532 1700 eius
560 1642 741 1719 appetitum.
797 1641 893 1700 Porro
925 1637 1068 1698 finalis
1099 1655 1214 1695 causa
1245 1655 1391 1694 summum

248 1725 376 1797 bonum,
409 1729 526 1787 fruct-us
550 1727 651 1788 finalis
682 1746 792 1788 causae
816 1725 924 1786 summi
953 1725 1024 1786 boni
1048 1743 1102 1802 per
1129 1722 1216 1782 fedus
1239 1723 1393 1799 perfectae

247 1811 405 1872 amiciciae
421 1815 590 1892 appetitus;
614 1814 758 1893 specialis
771 1834 842 1874 vero
854 1833 944 1873 causa
961 1811 1049 1872 huius
1068 1809 1250 1870 intentionis
1266 1814 1428 1886 rogatus15

247 1899 364 1975 Attici,
394 1901 546 1979 generalis
570 1923 642 1963 vero
673 1901 839 1963 communis
862 1900 994 1962 utilitas.
1040 1897 1172 1957 Ethicae
1194 1897 1392 1974 subponitur;

246 1991 349 2062 potest
379 1993 410 2046 et
438 1988 576 2066 phisicae
600 1990 748 2066 subponi,
777 1987 848 2065 quia
876 1987 912 2048 de
939 1993 1051 2046 natura
1079 1983 1279 2046 intentionem
1308 1983 1391 2056 facit,

246 2071 299 2132 sed
323 2081 355 2132 et
377 2073 505 2151 logicae,
530 2077 602 2153 quia
625 2076 797 2136 rethoricus
821 2080 877 2136 est.

333 2177 369 2241 ll.
394 2178 538 2258 Adiunge
564 2179 636 2241 huic
669 2187 701 2240 et·
730 2179 806 2242 alios
830 2179 926 2238 libros
950 2178 1013 2238 eius
1038 2177 1074 2236 de
1096 2180 1266 2250 senectute,
1289 2174 1325 2235 de
1347 2195 1392 2235 re·

246 2263 374 2338 thorica,
399 2264 434 2324 dc
458 2266 538 2326 libro
561 2265 794 2328 invectivarum.
1400 2270 1427 2314 20

332 2369 375 2427 M.
397 2370 499 2430 Pauca
521 2370 566 2430 de
589 2377 785 2432 senectute
815 2369 942 2431 dicenda
971 2374 1058 2442 sunt,
1087 2367 1123 2428 de
1153 2367 1223 2427 eliis
1246 2366 1392 2445 pauciora

246 2454 296 2515 vel
319 2455 418 2528 nulla;
448 2477 502 2517 nec
527 2458 605 2517 enim
629 2458 749 2536 magnis
779 2456 961 2518 disserendis
985 2455 1129 2517 convenit
1151 2455 1269 2532 ingenii
1291 2454 1391 2514 nostri

246 2541 393 2602 scintilla.
432 2543 547 2604 Scribit
570 2565 642 2623 ergo
665 2545 703 2605 ad
723 2545 864 2605 Atticum
883 2543 919 2604 de
942 2549 1097 2604 senectute
1120 2541 1299 2619 quibusdam
1323 2543 1390 2602 suh·

245 2628 429 2689 introductis
452 2632 590 2708 personis
614 2632 694 2692 siout
716 2631 748 2692 in
772 2630 851 2692 libro
879 2631 915 2691 dc
938 2628 1079 2690 amicicia
1106 2629 1230 2690 maioris
1254 2628 1390 2689 auctori·

244 2715 319 2776 tatis
354 2716 473 2792 gratia,
508 2723 538 2779 et
565 2719 681 2779 refellit
710 2739 817 2780 causas
853 2716 1038 2795 quorundam
1073 2715 1321 2794 conquerentium
1353 2715 1425 2775 de2⁵

243 2802 415 2862 inutilitate
443 2809 538 2878 <et>
558 2805 594 2866 de
619 2805 869 2866 incommoditate
892 2803 1058 2865 senectutis
1080 2809 1211 2882 quatuor
1228 2824 1264 2864 ex
1280 2802 1390 2876 causis,

169 2882 173 2892 “
248 2888 326 2966 quod
350 2895 480 2951 vaceta
509 2895 597 2953 rebus
621 2893 779 2971 gerendis,
809 2891 887 2970 quod
917 2891 959 2951 sit
988 2891 1102 2950 infirmi
1132 2891 1277 2970 corporis,
1310 2888 1389 2968 quod

314 3094 357 3161 26]
378 3095 420 3147 ‘et’
439 3094 509 3148 fehlt
526 3095 582 3148 und
601 3095 650 3147 ‘de'
668 3111 719 3148 vor
736 3094 957 3148 incommoditate
977 3094 1051 3148 steht
1068 3095 1135 3148 iiber
1153 3094 1178 3147 d.
1198 3095 1224 3146 Z.

244 3220 358 3227 —..

314 3285 476 3352 1⁵rogatus]
495 3284 536 3338 T¹
554 3285 612 3339 T²:
630 3287 708 3339 errius
726 3287 819 3355 itaque
836 3287 1013 3357 royctcr<i>
1034 3289 1104 3341 sctis
1117 3289 1209 3353 faeere
1226 3289 1315 3340 coleos
1332 3304 1388 3339 ruc-

244 3351 341 3405 tericm
361 3355 391 3405 iu
408 3354 457 3406 lure
475 3356 602 3421 opusculo
621 3357 733 3409 Catonis
750 3357 895 3410 sententies
910 3359 1069 3426 proposuit,
1094 3357 1140 3410 sed
1165 3357 1288 3410 diuersas
1310 3357 1389 3410 utebar

241 3423 415 3483 intentionem
434 3439 497 3476 uam
516 3424 575 3476 eius
589 3425 759 3494 principalis
777 3427 890 3480 irrteutio
903 3432 940 3479 est
951 3427 1219 3481 senteuticchtouis
1230 3428 1387 3487 confirmare

244 3492 441 3560 catulorumque
460 3493 616 3559 confutare3
636 3495 715 3548 caricis
732 3497 842 3549 utilitas
860 3501 897 3548 est
915 3495 1060 3548 earundem
1078 3497 1260 3557 confratrum
1279 3512 1388 3564 »uper

241 3560 355 3614 ethicam
379 3561 542 3629 subponitur
564 3562 711 3632 theoricae,
731 3581 783 3634 per
800 3565 994 3618 sententiarum
1013 3564 1228 3634 uryumeutcudo
1246 3565 1387 3630 coufirma-

240 3629 341 3682 tionem
360 3631 451 3699 loycoe
470 3631 640 3700 sciopouiturz

312 3717 460 3786 wimar]
491 3736 520 3771 es
548 3717 586 3772 ist
608 3719 668 3772 hier
689 3720 760 3773 wohl
789 3738 824 3773 an
849 3720 957 3774 Ciceros
981 3721 1074 3775 Redcn
1102 3739 1189 3789 gegen
1212 3721 1328 3776 Catilina
1352 3740 1386 3774 zu

241 3783 358 3848 denken;
377 3787 488 3839 Konrad
506 3788 688 3842 beantwcrtet
704 3789 846 3856 bezttglich
865 3790 1006 3844 derselben
1025 3792 1067 3844 die
1085 3791 1172 3858 Frage
1191 3791 1239 3844 des
1258 3789 1386 3845 Schiilers

239 3854 322 3917 nicht,
341 3855 392 3907 wie
410 3873 440 3908 er
458 3856 529 3908 auch
548 3857 579 3910 de
598 3857 734 3911 rhetorica
753 3858 892 3926 schweigt.

310 3940 516 4010 2³]A1kuin,
541 3943 633 4010 Migne
653 3944 710 4007 101,
729 3945 794 3998 920:
820 3947 939 4001 scintilla
964 3950 1097 4017 r'uqenioli
1121 3951 1184 4015 rrei3
1215 3951 1325 4006 Kourad
1347 3954 1385 4007 im

240 4008 335 4078 Spec.
355 4010 444 4077 Virg.
463 4013 535 4081 293:
554 4014 675 4066 scintilla
693 4014 889 4083 irrtelligreutiae
907 4024 1020 4073 uestrae.

311 4095 353 4165 ²⁶]
374 4096 504 4164 Cicero,
524 4098 556 4151 de
576 4103 677 4154 senect.
700 4101 732 4166 V,
752 4103 795 4155 15:
815 4105 909 4157 elerum
928 4122 987 4158 eum
1006 4108 1163 4174 complector
1182 4111 1286 4174 aniene,
1306 4115 1384 4178 qrrat·

238 4168 299 4216 tuor
317 4167 423 4233 reperio
441 4182 554 4234 eccisus,
572 4184 621 4222 cur
639 4176 757 4224 senectus
774 4172 874 4226 urisera
893 4174 1035 4228 uideatur:
1062 4194 1142 4230 uuam
1166 4179 1237 4246 quod
1262 4185 1384 4232 avocet

238 4248 256 4284 c
278 4233 357 4287 retus
379 4235 519 4304 uerendie,
546 4239 658 4290 alterurn
684 4240 755 4308 quod
780 4257 879 4312 eorpus
901 4244 992 4307 sociat
1009 4245 1159 4314 iufiruu'us,
1184 4249 1292 4303 tertiam
1311 4247 1384 4316 quod

236 4303 328 4426 prietet
350 4305 472 4357 omuibus
493 4305 550 4370 sere
573 4308 776 4376 uoluptatibus,
804 4318 930 4379 qrrartcm
955 4315 1026 4381 quod
1051 4315 1126 4369 haud
1148 4320 1247 4386 procul
1271 4320 1341 4373 absit
1365 4335 1383 4371 α

237 4386 295 4424 uror
309 4388 329 4425 c.
