3316 5170
284 519 299 574 l
336 516 459 571 estant
482 511 622 589 prodesse
646 518 699 570 aut
722 511 887 584 delectare,
916 518 1022 573 auctor
1045 513 1105 573 iste
1128 534 1164 572 ex
1188 513 1340 590 qualitate
1364 535 1480 574 morum

336 600 534 658 humanorum
558 599 715 658 contexuit
737 598 880 659 mendosa
903 605 1074 660 commenta
1090 600 1262 659 fabularum
1280 621 1409 674 suarum,
1432 622 1480 661 res

335 687 451 762 fingens
482 685 675 746 insensibiles
699 685 748 746 vel
774 691 856 746 certe
879 686 1108 746 irrationabiles
1139 685 1225 746 ludos
1249 689 1298 748 vel
1329 688 1408 748 seria
1434 688 1480 747 in-

334 773 432 832 vicem
459 778 666 843 conserentes,
695 773 796 832 omnia
824 772 862 832 ad
890 773 1123 833 similitudinem
1156 775 1305 834 humanae
1329 775 1411 835 vitae
1434 795 1480 834 re·

312 859 443 919 oferens.
489 860 635 919 Fabula
668 859 747 919 enim
771 861 843 920 ficta
866 880 913 920 res
941 866 999 931 est,
1031 881 1090 921 non
1113 860 1214 935 facta,
1244 859 1324 920 unde
1347 881 1365 920 a
1388 861 1479 922 fando

334 965 444 1007 nomen
467 947 601 1024 accepit;
625 946 768 1006 inventae
786 952 886 1006 autern
902 968 937 1007 ca
952 947 987 1006 de
1003 967 1094 1007 causa
1116 947 1238 1007 fabulae
1254 953 1427 1019 noscuntur,
1444 954 1479 1008 ut

333 1033 403 1093 ficto
417 1040 569 1093 mutorum
581 1033 757 1092 animalium
771 1053 823 1094 seu
835 1054 934 1094 rerum
948 1033 1171 1094 insensibilium
1191 1034 1343 1112 colloquio
1362 1054 1479 1094 morum

332 1125 364 1178 et
376 1126 506 1186 actuum,
524 1127 558 1180 ut
572 1120 687 1178 dictum
704 1125 758 1189 est,
777 1123 976 1182 humanorum
993 1121 1137 1199 quaedam
1155 1141 1209 1198 per
1228 1122 1301 1182 baec
1318 1127 1479 1182 notaretur

333 1206 514 1269 similitudo.
559 1207 698 1284 Denique
729 1207 867 1285 geminus
891 1228 993 1268 sensus
1022 1209 1122 1268 estin
1145 1208 1273 1282 fabulis3
1305 1214 1376 1267 sunt
1399 1209 1479 1268 enim
1646 1233 1647 1296 q

298 1306 323 1348 10
333 1298 385 1352 aut
408 1293 576 1372 Hesopicae
606 1296 644 1352 ab
666 1295 726 1354 isto
750 1301 875 1356 auctore
897 1301 1039 1366 vocatae,
1068 1295 1123 1355 nbi
1152 1295 1311 1372 finguntur
1333 1295 1480 1355 animalia
1646 1305 1647 1376 l

332 1380 462 1440 rationis
492 1380 630 1458 expertia
658 1382 707 1440 vel
741 1382 802 1440 elia
830 1402 964 1459 quaeque
998 1402 1087 1442 sensu
1120 1401 1242 1460 prorsus
1279 1383 1416 1442 carentia
1443 1391 1479 1442 ut

332 1473 450 1527 montes
466 1472 497 1526 et
511 1469 600 1528 urbes
617 1472 647 1527 et
661 1468 787 1527 fiumina
797 1468 884 1546 qnasi
898 1469 975 1529 certi
995 1467 1112 1546 aliquid
1130 1469 1212 1528 inter
1232 1489 1263 1529 se
1279 1469 1478 1538 conferentia,

332 1558 386 1613 aut
408 1559 480 1614 sunt
495 1555 672 1628 Libisticae,
697 1555 749 1614 ubi
771 1556 1005 1616 rationabilium.
1025 1555 1202 1615 animalium
1225 1576 1292 1614 cum
1316 1556 1479 1616 irrationa-

332 1640 445 1700 bilibus
483 1640 633 1718 quoddam
674 1641 812 1718 loquelae
844 1643 892 1702 vel
932 1643 1050 1720 negotii
1087 1644 1216 1720 fingitur
1259 1644 1478 1704 commertium.

297 1727 486 1788 roDifferunt
508 1734 609 1788 autem
633 1729 747 1807 Hesopi
771 1730 893 1789 fabulae
916 1729 955 1788 ad
978 1750 1093 1791 morum
1116 1729 1204 1790 finem
1234 1727 1350 1790 relatae
1374 1735 1404 1788 et
1427 1730 1478 1790 de-

231 1783 246 1858 l
330 1813 465 1874 leotandi
487 1815 593 1891 gratia
608 1817 756 1876 confictae
776 1837 793 1876 a
809 1818 986 1877 commentis
1003 1817 1199 1877 mendacibus
1215 1816 1355 1877 Terentii
1371 1816 1477 1876 Plauti

331 1905 363 1960 et
375 1899 502 1961 aliorum
526 1902 671 1962 similium
692 1915 858 1981 poetarum,
882 1904 961 1979 quia,
979 1904 1006 1963 si
1025 1902 1234 1981 aliquomodo
1253 1903 1379 1964 veritati
1400 1925 1477 1964 ccm-

331 1989 456 2065 petebat
479 1988 557 2065 quod
581 1989 634 2048 isti
657 1989 693 2048 de
716 1991 849 2067 negotiis
872 1991 1071 2050 humanarum
1091 2011 1190 2050 rerum
1210 1990 1258 2049 vel
1281 2010 1477 2068 personarum

331 2075 552 2152 confinxerunt,
577 2076 656 2152 quod
672 2077 809 2154 Hesopus
832 2076 983 2137 confinxit
1006 2098 1060 2138 nec
1083 2078 1145 2137 fuit
1168 2097 1222 2137 nec
1245 2097 1387 2154 umquam
1409 2077 1478 2138 fieri

296 2161 443 2240 npotuit.
489 2164 532 2222 Et
560 2163 616 2222 boc
639 2164 716 2224 scire
738 2163 828 2222 debes
852 2164 935 2224 aliud
964 2183 1027 2224 esse
1055 2165 1191 2224 fabulam
1222 2164 1421 2242 compositam
1446 2169 1477 2224 et

330 2247 472 2308 inflexam
496 2248 534 2308 ad
557 2257 682 2310 naturas
705 2271 820 2324 rerum,
852 2260 886 2310 ut
910 2251 1065 2312 Vulcanus
1095 2251 1219 2312 claudus
1244 2251 1378 2328 fingitur,
1403 2252 1476 2328 quia

330 2355 492 2412 numquam
516 2343 617 2396 rectus
647 2343 694 2396 cst
717 2337 812 2414 ignis
840 2345 871 2397 et
899 2339 985 2415 aquis
1012 2336 1108 2398 infusi
1130 2339 1231 2399 crines
1255 2339 1398 2415 Neptuni,
1422 2343 1477 2397 aut

329 2421 366 2481 ad
391 2423 542 2482 bominum
567 2443 677 2493 mores,
703 2423 781 2484 sicut
804 2423 882 2483 idem
901 2425 1038 2502 Hesopus
1062 2425 1098 2484 de
1128 2426 1200 2502 lupo
1224 2423 1318 2502 fingit
1341 2430 1372 2483 et
1394 2445 1475 2502 agno

330 2508 415 2568 iuxta
439 2515 570 2569 meatum
594 2510 838 2588 praeterfluentis
862 2532 970 2589 aquae·
979 2513 1133 2572 stantibus
1151 2509 1265 2590 agnum
1287 2511 1406 2589 quidem
1429 2512 1475 2570 in·

418 2730 442 2799 7]
462 2734 531 2784 statt
550 2736 663 2784 ‘morum
681 2735 709 2785 et
727 2733 844 2786 actuum’
864 2733 913 2786 hat
932 2734 973 2786 die
992 2734 1040 2788 Hs.
1060 2749 1112 2784 nur
1131 2733 1283 2794 ‘motuum’‚
1309 2732 1364 2799 vgl.
1390 2735 1475 2785 unten

331 2799 358 2853 S·
374 2799 430 2911 '351’2
440 2800 553 2937 diurn]
573 2872 604 2922 ut
622 2870 711 2923 urbes

330 2997 592 3006 ——---—.-=
600 2999 646 3004 -...

418 3080 531 3132 4omnia
549 3096 574 3131 u.
586 3098 607 3132 s.
618 3078 661 3147 u]
682 3097 715 3132 zu
734 3078 826 3132 diesen
844 3099 869 3132 u.
889 3081 941 3132 den
959 3081 1105 3147 folgenden
1123 3082 1172 3134 auf
1189 3081 1282 3134 fabula
1295 3082 1391 3148 (vergl.
1406 3083 1475 3135 oben

330 3148 399 3214 25,5)
425 3149 529 3214 beziigl.
549 3149 663 3200 Worten
688 3148 776 3202 bieten
797 3149 874 3202 Bern.
894 3148 981 3218 Traj.‚
1009 3151 1042 3202 T¹
1061 3151 1095 3202 T²
1113 3151 1168 3204 und
1186 3151 1260 3204 Vat.
1279 3151 1350 3204 Pal.
1368 3151 1418 3204 242
1436 3151 1474 3204 irn

330 3217 479 3270 Abschnitt
491 3218 556 3270 iiber
566 3217 663 3280 Avian,
683 3217 765 3271 sowie
785 3218 900 3271 Isidor
919 3219 967 3286 (or.
978 3219 998 3283 Ι,
1010 3219 1051 3283 39,
1072 3220 1095 3273 1.
1108 3221 1132 3272 2.
1143 3219 1169 3288 3)
1188 3219 1356 3283 Parallclen;
1375 3221 1473 3273 Bern.

329 3286 391 3338 hat:
411 3285 528 3355 (fabula)
548 3285 624 3339 dicto
643 3303 660 3338 a
675 3285 770 3352 sosacio,
781 3287 852 3354 quod
871 3288 901 3340 ta
920 3287 1002 3341 dietis
1020 3293 1125 3343 tantum
1143 3305 1197 3341 reon
1217 3290 1245 3340 in
1261 3288 1343 3350 foetis
1360 3295 1473 3352 constet3

327 3354 423 3419 fabella
447 3359 537 3407 autem
562 3360 611 3407 out
635 3361 672 3408 cst
690 3357 798 3423 ysipicu
816 3356 887 3410 idest
904 3363 989 3424 ocula,
1013 3359 1061 3410 ubc'
1078 3359 1220 3426 obeuntur
1241 3358 1381 3427 <nezcta>
1402 3357 1474 3412 inter

329 3440 356 3476 sc
378 3425 604 3488 sermcctnoncia,
628 3430 677 3477 aut
699 3425 818 3479 libistica
841 3427 888 3479 ubl
913 3442 974 3479 cum
999 3427 1165 3481 (animalibus
1187 3429 1311 3480 locuntur
1329 3429 1472 3493 animalia,

330 3499 380 3546 cent
397 3492 486 3546 natatu
504 3509 572 3561 quoe
591 3493 695 3546 dieitur
717 3496 894 3560 oeintoloqr'ca
920 3495 990 3549 idest
1012 3497 1146 3550 hantonae
1170 3496 1375 3550 similitudinem
1400 3499 1473 3550 vitoe

329 3563 447 3615 retinens
457 3580 490 3641 ¹u.
501 3581 522 3615 s.
532 3581 564 3642 q.
574 3583 580 3625 ;
590 3563 710 3642 ¹Konrad
720 3564 850 3617 sobliesst
862 3565 921 3618 sich
932 3565 993 3619 hier
1010 3584 1094 3634 engcr
1113 3583 1147 3619 an
1165 3566 1214 3620 Isi
1222 3567 1239 3619 d
1248 3585 1286 3619 or
1305 3584 1346 3620 an.
1365 3569 1472 3620 Anders

330 3635 443 3768 gearlebl]
455 3631 753 3766 liiidzlsdlarlffdllissdi
771 3635 1003 3772 illiddliililcsopt
1021 3705 1087 3758 tales
1104 3710 1169 3757 sunt
1181 3705 1294 3768 fabulae
1312 3705 1349 3757 nd
1368 3722 1472 3759 morum

329 3769 407 3832 otnero
424 3769 543 3836 rotome,-
562 3771 582 3834 Ι,
601 3771 641 3836 39,
662 3771 689 3824 3:
709 3812 735 3824 ..
754 3771 907 3826 delectandi
925 3789 1010 3827 causo
1027 3773 1113 3840 fictae,
1133 3790 1202 3842 qnos
1220 3777 1300 3843 uulyo
1318 3775 1413 3830 dicunt
1431 3776 1473 3828 ccl

330 3855 399 3906 qnos
419 3841 535 3892 Plo-utne
553 3846 578 3892 et
597 3840 736 3893 Terentius
755 3848 967 3909 composuerunt.

401 3908 443 3976 20]
463 3907 542 3962 Isid.
562 3927 599 3962 or.
617 3909 643 3974 l,
663 3909 707 3974 39,
726 3910 757 3962 4:
783 3911 820 3963 ad
842 3917 971 3964 acturam
994 3927 1085 3964 rerum
1101 3911 1210 3980 fingunt
1224 3915 1336 3978 fabulas
1354 3918 1385 3966 ut
1408 3913 1470 3966 Vnt·
1506 3965 1512 3976 ,

330 3991 415 4029 carens
433 3976 557 4031 claudus.
575 3980 642 4045 quio
660 3995 806 4045 numquam
823 3996 872 4047 per
890 3987 1018 4033 nullarum
1035 3986 1124 4034 rectus
1142 3987 1180 4035 est
1198 3983 1279 4052 tonte.

401 4047 443 4114 23]
462 4045 513 4099 Dic
531 4047 615 4100 Fabel
633 4047 719 4101 ‘Wolf
730 4067 754 4100 n.
767 4048 870 4118 Lamrn’
889 4050 987 4103 nimmt
1004 4050 1032 4102 in
1051 4051 1098 4102 der
1116 4051 1168 4104 mir
1185 4053 1379 4119 vorliegenden
1398 4052 1471 4104 alten

330 4114 415 4180 Ansg.
430 4115 525 4184 (Lugd.
537 4116 613 4183 1490)
628 4117 675 4169 des
693 4117 741 4170 lat.
761 4119 836 4188 Asop
856 4118 897 4171 die
916 4119 1011 4172 aweite
1031 4118 1114 4172 Stella
1133 4119 1190 4184 ein;
1210 4122 1253 4176 die
1271 4121 1331 4175 sich
1350 4121 1472 4190 dasqlbst

329 4183 523 4238 vorfindendcn
541 4185 758 4252 llrlautcrungen
779 4186 868 4240 haben
892 4205 905 4241 s
925 4188 1046 4241 rachlicb
1071 4189 1128 4241 und
1151 4191 1274 4244 sachlich
1292 4190 1380 4258 einige
1399 4189 1471 4243 Alm-

329 4251 443 4305 lichkeit
460 4253 511 4306 mit
528 4253 885 4322 KonradsAusflihrnngem
906 4207 974 4310 doch
992 4257 1068 4310 nicht
1085 4257 1113 4310 in
1132 4258 1192 4312 dem
1212 4260 1309 4324 Grada,
1332 4261 1396 4313 dass
1415 4277 1470 4312 von

330 4321 508 4388 eigentlicher
527 4323 729 4390 Abbangigkeit
747 4325 790 4377 die
808 4325 882 4379 Rode
901 4326 961 4380 sein
978 4325 1088 4380 kbnnte.
