3316 5170
781 387 990 444 ..62-

401 556 508 629 Super
529 554 715 618 Lucanum.
752 552 860 622 <in>
901 557 1042 617 Lucanus
1066 562 1158 634 poeta
1180 557 1302 635 gemina
1324 558 1459 619 illustris

315 644 431 704 virtute
453 643 551 722 primo
575 643 694 721 quidem
720 642 816 720 <in>
841 642 973 718 milicia,
1003 643 1111 704 deinde
1134 644 1167 704 in
1189 643 1262 718 otio,
1290 645 1459 707 studiorum

315 731 478 808 disciplina
501 736 533 790 et
555 734 696 790 anteacta
718 730 875 808 probitate
905 730 1049 790 curialem
1080 737 1110 791 et
1132 730 1367 809 grandiloquum
1400 753 1461 794 mo·

315 818 384 878 dum
416 818 448 878 in
476 816 549 878 stilo
579 817 692 892 tenuit,
724 837 818 878 verax
845 817 878 878 in
916 817 1066 878 historiae
1096 818 1241 892 veritate,
1275 819 1461 880 validissimi

293 904 433 983 aingenii
466 903 598 975 ratione,
632 904 837 965 strennuitate
865 904 959 964 animi
981 910 1012 964 et
1040 903 1172 967 miliciae
1202 905 1262 964 iam
1292 905 1459 984 depositae,

314 993 421 1071 pulcra
448 991 609 1051 verborum
637 997 668 1051 et
690 990 912 1052 sententiarum
935 990 1136 1053 ordinatione.
1174 991 1333 1054 Describit
1362 993 1462 1071 igitur

316 1079 427 1139 bellum
451 1077 529 1154 quod
552 1082 618 1136 erat
641 1077 722 1140 inter
745 1078 885 1139 Cesaram
908 1083 940 1138 et
956 1078 1135 1157 Pompeium
1160 1079 1385 1141 nobilissimum
1409 1081 1461 1141 dn-

315 1185 379 1225 cem
395 1166 618 1236 Romanorum
646 1165 698 1225 sed
722 1164 836 1225 dicitur
851 1165 964 1225 librum
987 1185 1072 1226 suum
1090 1165 1246 1227 invectiva
1269 1165 1460 1228 animadver-

314 1252 398 1313 sione
422 1255 528 1312 oontra
558 1250 641 1311 aives
669 1251 822 1313 discordia
852 1257 979 1312 cruenta
1009 1253 1144 1313 furentes
1173 1253 1350 1314 inchoasse:
1382 1254 1460 1333 ‘quis

279 1350 305 1391 10
316 1341 406 1410 furor,
425 1359 441 1400 o
458 1337 552 1411 cirea,
569 1337 642 1411 eto.’,
659 1340 842 1400 avunculum
858 1360 930 1400 vero
947 1339 1168 1401 eiusSeneoam
1185 1340 1284 1402 virum
1300 1340 1460 1402 admodum

314 1427 461 1504 probatae
484 1423 664 1485 eruditionis
688 1427 810 1487 brevem
825 1426 1106 1506 praefaciunculam
1124 1426 1155 1485 in
1177 1426 1245 1505 ipso
1266 1427 1367 1506 capite
1386 1428 1460 1488 libri

315 1513 465 1573 affixisse:
488 1512 578 1572 ‘bella
599 1531 655 1590 per
670 1513 832 1574 Emathios
853 1513 923 1592 plus
947 1534 1036 1592 quam
1055 1513 1162 1574 civilia
1181 1513 1311 1593 campos’
1333 1519 1462 1593 propter

229 1641 232 1648 ,
315 1599 526 1660 inconcinnam
551 1605 582 1658 et
605 1600 738 1659 subitam
762 1600 966 1661 invectionem
994 1602 1025 1660 in
1049 1601 1131 1661 cives
1154 1602 1318 1661 Romanos.
1362 1602 1459 1662 Porro

314 1687 443 1747 Neronis
466 1686 515 1747 dei
538 1691 567 1745 et
590 1685 745 1747 hominum
769 1686 867 1748 hostis
892 1693 1028 1766 tempore
1050 1693 1158 1749 auctor
1179 1687 1240 1748 iste
1258 1687 1372 1760 floruit,
1394 1688 1460 1766 pal-

280 1773 392 1832 aliare
421 1773 514 1833 litera
545 1772 697 1834 vitamet
726 1794 824 1836 mores
845 1773 994 1853 principis
1018 1773 1091 1835 adeo
1118 1774 1322 1848 confundens,
1352 1780 1397 1851 ut,
1432 1774 1459 1834 si

314 1867 461 1920 cessasset
475 1859 608 1921 omnium
623 1862 776 1937 generalis
791 1866 823 1922 et
836 1861 961 1940 publiea
976 1861 1009 1921 in
1027 1881 1094 1921 eum
1115 1865 1259 1940 congesta
1276 1861 1460 1936 maledictio,

313 1947 455 2025 propriae
478 1947 563 2007 urbis
587 1966 659 2007 suae
680 1953 788 2026 poetae
810 1947 966 2008 sufficeret
987 1948 1086 2008 tacita
1108 1947 1140 2007 in
1162 1968 1228 2008 eum
1249 1948 1369 2009 inflicta
1392 1969 1460 2010 oon·

313 2034 405 2095 t'usio.
451 2033 526 2094 Cum
557 2033 636 2093 enim
670 2033 749 2094 idem
773 2036 866 2106 Nero,
896 2036 1089 2098 ramusculus
1118 2035 1308 2107 antichristi,
1338 2036 1461 2096 strabus

314 2125 394 2181 esset
417 2125 447 2180 et
470 2121 610 2180 omnibus
633 2120 724 2181 viciis
748 2121 923 2200 squaliduS,
956 2122 1092 2183 ‘Romam
1115 2121 1239 2199 obliquo
1263 2121 1369 2183 sidere’
1392 2122 1460 2200 regi

278 2213 404 2286 aposta
425 2208 595 2286 principem
618 2207 727 2268 derisit
749 2215 788 2283 et,
818 2209 845 2270 si
868 2229 906 2268 ex
928 2228 989 2268 una
1016 2213 1105 2288 perte
1128 2210 1205 2270 caeli
1228 2214 1350 2269 tronum
1373 2229 1460 2270 suum

312 2295 459 2372 posuerit,
483 2315 520 2354 ex
540 2295 639 2354 altera
661 2299 749 2374 parte
772 2297 889 2357 caelum
912 2300 1030 2356 tantum
1052 2296 1171 2375 pondus
1195 2295 1330 2356 sentiens
1353 2296 1461 2368 levari,

314 2381 392 2457 quod
415 2385 512 2442 totum
535 2390 660 2460 propter
682 2382 800 2443 tiranni
819 2382 1053 2444 crassitudinem
1073 2387 1104 2443 et
1124 2383 1346 2462 corpulentiam
1369 2382 1458 2444 dixit.

399 2467 439 2527 D.
462 2468 666 2528 Materiam
683 2469 747 2530 eius
766 2469 898 2548 inquiro,
913 2469 999 2531 cuius
1019 2469 1125 2529 stilum
1144 2491 1180 2530 ex
1194 2475 1283 2548 parte
1297 2489 1458 2547 cognosco.

401 2555 443 2615 Μ.
466 2554 500 2615 Si
523 2555 605 2615 nosti
628 2555 731 2616 civilis
764 2557 838 2617 belli
860 2556 1041 2631 historiam,
1071 2557 1145 2617 libri
1167 2557 1258 2618 huius
1281 2557 1375 2617 habes
1399 2575 1460 2615 ma·

243 2653 244 2656 ’
278 2640 438 2714 2⁵teriam3
462 2648 509 2702 est
532 2642 610 2702 enim
634 2644 768 2705 auctoris
792 2644 882 2704 huius
907 2644 1035 2704 materia
1058 2644 1171 2704 bellum
1195 2643 1356 2720 quoderat
1378 2643 1461 2704 inter

314 2726 452 2788 Cesaram
478 2736 509 2789 et
531 2730 708 2808 Pompeium
732 2736 763 2791 et
786 2751 887 2792 eorum
909 2731 1161 2808 consanguineos,
1185 2729 1266 2790 iuter
1290 2750 1364 2808 quos
1387 2735 1458 2808 post

314 2820 440 2874 mortem
465 2815 593 2876 istorum
615 2816 789 2896 principum
817 2817 944 2879 duorum
968 2817 1089 2878 Cesaris
1120 2823 1151 2878 et
1173 2818 1312 2895 Pompeii
1345 2817 1459 2876 bellum

314 2901 465 2964 incertum
488 2903 584 2963 multo
607 2909 744 2982 tempore
768 2904 829 2964 fuit
852 2909 883 2964 et
905 2904 1033 2966 varium.
1069 2905 1107 2964 In
1132 2924 1190 2982 qua
1212 2904 1306 2964 ctiam
1329 2903 1460 2963 materia

401 3088 428 3157 5]
445 3087 662 3142 strennuitatem.

351 3288 355 3293 .
402 3244 500 3313 a‘quis'
518 3245 546 3297 ff.
565 3245 619 3297 und
640 3248 668 3285 12
680 3244 766 3297 ‘bella’
785 3244 824 3312 ff.]
845 3267 875 3288 =
894 3244 966 3308 Luc,
985 3244 1080 3298 Phara.
1101 3245 1121 3308 I,
1140 3245 1156 3298 8
1174 3245 1229 3297 und
1249 3245 1271 3297 1.

385 3314 426 3383 10]
446 3314 645 3368 Commenta
663 3313 850 3367 Beruensia
869 3331 903 3366 zu
921 3313 1024 3378 buhen,
1044 3314 1084 3367 ed.
1102 3314 1208 3368 Usener
1228 3313 1301 3378 1869,
1323 3313 1390 3367 S.8:
1409 3313 1459 3366 hos

318 3384 382 3438 VII
398 3399 491 3437 cereas
505 3384 611 3452 primos
629 3382 734 3436 diadar
751 3383 851 3438 Seneca
869 3398 902 3435 ea
925 3398 974 3435 suo
992 3383 1147 3449 addidisse,
1174 3389 1205 3436 at
1228 3383 1340 3450 quidam
1365 3383 1460 3436 rolant

313 3453 464 3508 auunculus
473 3453 591 3506 Lucani.
610 3458 641 3505 ut
658 3452 770 3520 quidam
788 3453 882 3505 voluat
897 3452 993 3516 frater,
1014 3468 1044 3506 ue
1063 3452 1201 3506 rideretur
1220 3452 1460 3521 liberexabruplo

313 3523 452 3588 inchoare,-
469 3522 525 3588 vgl.
544 3523 659 3575 Webers
678 3520 860 3588 Lukanausg„
878 3521 933 3574 vol.
951 3522 991 3574 lll
1009 3523 1051 3591 (z
1074 3522 1209 3590 Scholien)
1226 3540 1252 3592 p.
1271 3521 1287 3574 3
1306 3522 1325 3575 f.

386 3591 427 3661 18]
443 3592 517 3713 emh
540 3591 578 3643 im
602 3592 695 3659 Spec.
718 3591 808 3658 Virg.
833 3591 877 3660 42
903 3591 1036 3658 begegnet
1061 3591 1103 3644 die
1122 3591 1281 3658 Wendung:
1301 3590 1461 3645 antichristi

313 3677 442 3714 ramasea
453 3677 493 3714 aa

385 3730 495 3799 18-23]
516 3729 633 3784 Oomm.
651 3729 755 3794 Barn,
775 3729 880 3783 Usener
897 3746 922 3798 p.
943 3728 975 3782 15
994 3746 1028 3782 zu
1045 3729 1116 3782 Vera
1134 3730 1182 3782 55:
1201 3729 1332 3796 quoniam
1350 3728 1460 3782 strabus

316 3800 387 3854 Nero
402 3799 467 3864 tait,
486 3817 520 3852 zu
538 3799 570 3852 V.
590 3800 637 3852 57:
657 3799 848 3851 diciturenim
867 3797 941 3850 Nero
960 3797 1036 3851 obeso
1052 3799 1138 3864 faisse
1157 3814 1274 3866 corpore.

385 3869 426 3938 1⁹]
445 3869 535 3932 Luc,
555 3867 646 3937 phars.
665 3868 684 3932 I,
704 3868 752 3920 55:
772 3867 843 3920 aude
862 3873 937 3920 trram
955 3867 1051 3920 rideas
1069 3867 1176 3934 obliquo
1193 3867 1282 3920 sidere
1299 3867 1421 3920 Romam.

384 3937 600 4008 22corpulentia]
619 3937 735 3990 Webers
753 3935 972 3990 Lukanscholien
991 3936 1017 3990 S.
1038 3937 1069 3989 15
1088 3938 1133 4006 (zu
1150 3937 1183 3990 V.
1202 3937 1259 4005 58):
1277 3952 1337 3991 aare
1356 3936 1459 3989 nullum

313 4008 497 4075 corpulentam
512 4007 601 4075 possit
618 4007 648 4058 ia
667 4007 771 4060 aethere
790 4021 853 4058 esse.

384 4077 427 4144 25]
445 4076 498 4129 T1:
523 4075 665 4129 materiam
689 4075 768 4128 babet
786 4075 918 4128 Lucanas
940 4075 971 4126 iu
994 4075 1044 4128 hoc
1068 4089 1146 4143 opere
1168 4074 1362 4142 principaliter
1380 4075 1458 4128 Poru-

310 4146 402 4214 peiara
421 4151 446 4198 et
455 4146 591 4206 Cesarea:
610 4145 644 4198 T¹
657 4144 763 4199 stimmt
775 4144 834 4198 hier·
846 4144 903 4198 fast
914 4161 983 4210 ganz
997 4162 1030 4196 zu
1041 4144 1102 4197 dem
1111 4143 1139 4196 in
1148 4143 1262 4196 Webers
1274 4142 1458 4196 Lukanschol.

314 4215 340 4268 S.
363 4215 378 4268 3
403 4215 469 4267 iiber
494 4214 623 4268 ‘intentio'
648 4216 703 4267 und
730 4213 859 4267 ‘materia’
885 4213 1117 4281 Vorgebraehten.
1170 4213 1265 4266 Bern.
1291 4212 1398 4283 Traj.:
1426 4215 1458 4265 irc

313 4284 594 4352 ercauoPomper‘am
604 4284 727 4338 Cesaram
744 4289 864 4336 senatum
884 4283 1026 4336 aratoriam
1045 4282 1187 4351 accipiant
1205 4281 1326 4350 quidam,
1344 4281 1459 4350 quidam

312 4355 385 4407 solas
398 4369 579 4421 personarum
598 4354 717 4407 arctiores
736 4359 765 4407 ut
782 4353 862 4407 ciuile
880 4352 983 4407 beilum.
