3316 5170
296 1243 500 1318 Discipulos.
545 1243 626 1316 Quia
649 1243 739 1304 video
773 1248 804 1303 te
837 1243 890 1304 diu
924 1263 1032 1304 vacare
1066 1243 1132 1304 ocio
1166 1243 1448 1322 silentioquewenb.

207 1336 332 1392 nostrae
355 1331 519 1410 inperioiae
547 1331 624 1391 satis
647 1331 850 1401 infructuoso,
881 1335 988 1390 nactus
1012 1329 1252 1409 oportunitatem
1275 1304 1446 1406 tem-sigliis

210 1418 294 1497 poris
324 1419 446 1478 tandem
473 1418 611 1480 solvendi
644 1417 787 1496 promissi
816 1417 863 1477 tui
891 1422 922 1476 te
945 1417 1113 1478 debitorem
1141 1417 1257 1494 excito,
1289 1407 1461 1478 nonB³att85

206 1511 272 1564 tam
296 1505 344 1566 tui
367 1505 490 1567 honoris
514 1526 550 1566 ex
574 1524 648 1564 sana
671 1504 811 1565 doctrina
833 1503 941 1565 avidus
965 1524 1054 1582 qnam
1078 1505 1179 1565 nostri
1201 1505 1350 1566 commodi

211 1592 261 1652 vel
284 1591 410 1670 linguae
433 1593 482 1653 vel
513 1591 633 1670 ingenii
660 1591 788 1651 limandi
812 1590 978 1656 studiosus.
1026 1591 1084 1652 Sed
1112 1591 1202 1651 huius
1225 1596 1350 1670 optatae
1372 1619 1384 1660 5

209 1678 389 1739 collationis
411 1684 534 1739 nostrae
558 1679 603 1739 sic
627 1677 825 1739 moderandus
854 1683 902 1738 est
924 1679 1073 1752 calamum
1105 1683 1140 1737 ut
1161 1678 1280 1756 plenior
1301 1699 1350 1740 ac·

208 1764 300 1826 cedat
322 1765 470 1827 debitoris
494 1765 606 1827 solutio
631 1785 720 1843 quam
736 1763 908 1844 quaerentis
933 1765 1066 1838 exactio;
1100 1765 1132 1825 in
1155 1766 1250 1826 altero
1268 1765 1350 1828 cuim

212 1851 436 1913 benivolentiae
458 1852 597 1913 docentis
621 1853 810 1930 suffragatur
832 1851 1041 1929 possibilitas,
1064 1853 1096 1912 in
1119 1851 1215 1913 altero
1238 1851 1351 1913 tardio-

211 1938 256 1998 ris
277 1944 385 2018 utpote
403 1939 550 2000 discentie
566 1939 732 2000 adiuvatur
747 1938 926 2000 necessitas.

298 2024 469 2104 Magister.
502 2025 690 2087 Oummnlta
712 2030 812 2086 tecum
839 2025 922 2087 vires
957 2025 1050 2085 etiam
1077 2024 1253 2086 excedentia
1284 2045 1352 2086 oon·
1362 2052 1386 2093 10

211 2111 348 2187 tulerim,
383 2133 442 2174 non
476 2114 553 2173 satis
587 2113 721 2174 occurrit
754 2113 930 2190 memoriae,
966 2132 1041 2190 quae
1079 2112 1229 2190 promissa
1270 2131 1351 2173 nunc

207 2198 321 2259 studiis
355 2201 495 2278 repetitis
523 2219 617 2279 cogar
651 2199 815 2262 exsolvere.
861 2198 1011 2277 Equidem
1042 2198 1080 2258 ad
1109 2199 1212 2276 priora
1249 2199 1352 2259 studia

211 2290 317 2346 nostra
347 2291 434 2346 tanta
464 2287 663 2348 emulantium
687 2286 779 2347 Bavii
806 2291 837 2346 et
867 2286 962 2347 Mevii
990 2285 1121 2346 accessit
1150 2285 1283 2361 invidia,
1317 2291 1351 2346 ut

211 2373 350 2433 retarder
382 2373 420 2434 ad
455 2374 519 2434 ulla
552 2373 669 2452 privati
700 2372 843 2434 exercicii
884 2373 987 2433 studia
1023 2379 1122 2433 tecum
1161 2372 1351 2434 conferenda.

213 2459 293 2520 Vere
327 2459 455 2528 dolende
489 2461 625 2534 miseria,
658 2461 739 2520 nolle
773 2459 888 2520 discere
922 2459 971 2521 vel
1008 2459 1114 2520 dooere
1152 2466 1182 2519 et
1219 2461 1250 2520 in
1282 2459 1387 2532 aliis15

213 2550 373 2622 utrumque
401 2547 497 2608 livida
528 2552 627 2608 mente
648 2546 828 2608 remordere.
1431 2557 1433 2562 “

299 2632 339 2692 l).
368 2634 460 2693 Patet
483 2634 612 2711 quidem,
635 2632 714 2712 quod
737 2633 863 2694 liventis
886 2633 974 2694 oculo
1006 2631 1084 2692 nihil
1107 2631 1218 2692 tetrius
1249 2637 1280 2692 et
1303 2633 1352 2692 ob·

209 2717 329 2779 scuriae
345 2724 403 2800 est,
427 2720 512 2781 cuius
536 2721 670 2783 delectus
694 2720 820 2782 alterius
844 2719 998 2799 profectus
1029 2725 1086 2781 est.
1111 2719 1148 2780 si.
1168 2724 1248 2782 fumo
1271 2725 1353 2779 tecta

210 2811 360 2884 carerent,
384 2808 534 2868 horrenda
557 2808 652 2886 fuligo
669 2807 753 2868 sedes
770 2808 891 2885 pulcras
908 2806 1083 2866 amantibus
1101 2827 1159 2867 oon
1183 2815 1352 2884 appareret.

319 2943 343 3012 1]
363 2913 535 2997 Uber—schrfft
551 2943 580 2996 in
600 2946 673 2997 rotor
690 2941 790 2996 Farbe:
819 2942 951 2996 INCIPIT
968 2942 1135 3010 Dialogus
1154 2959 1258 3012 super
1277 2959 1355 2996 auo-

210 3013 308 3064 toree
326 3011 468 3066 confectus
487 3031 521 3066 ex
539 3029 655 3082 persona
670 3011 797 3078 magistri
815 3015 842 3065 et
860 3010 928 3065 disci
947 3011 993 3064 uli.

305 3081 346 3150 1⁶]
365 3080 403 3134 ist
420 3081 491 3136 nach
509 3083 607 3146 Horae,
627 3082 702 3150 epod.
721 3085 744 3146 5,
763 3081 796 3134 47
816 3080 906 3134 ‘livido
926 3030 1014 3134 iente'
1034 3099 1068 3134 zu
1085 3080 1182 3135 lesen?

322 3201 346 3271 1]
365 3185 586 3269 Augustinus
612 3202 644 3255 de
669 3203 821 3270 quantitate
845 3201 950 3255 animae
974 3202 1017 3272 (=
1037 3202 1130 3270 Migne
1149 3202 1189 3267 32,
1209 3202 1258 3256 col.
1279 3202 1355 3268 1035)

213 3269 338 3338 beginnt:
357 3271 492 3340 Quoniam
514 3271 591 3325 uideo
615 3277 639 3324 te
664 3271 805 3324 abundare
830 3271 898 3336 otto,
923 3288 1020 3339 quaeso
1043 3277 1075 3324 ut
1103 3272 1169 3324 uellet
1193 3271 1356 3341 respondeus

212 3339 247 3392 da
265 3340 302 3393 e'e's
320 3356 388 3408 priua
406 3356 445 3420 aune
463 3347 574 3405 urooaut,
593 3347 691 3420 uoulut
708 3341 806 3408 opinor
823 3341 975 3408 Imporluue
995 3347 1076 3409 atque
1094 3342 1248 3420 iucoupruc.
1261 3356 1281 3393 c.
1292 3357 1316 3409 p.
1334 3357 1354 3396 s.

305 3409 543 3479 1³]Bav1usunc
567 3410 693 3462 Maevius
718 3411 750 3479 (s.
769 3409 859 3476 Verg„
878 3409 927 3464 ecl.
951 3410 974 3474 3,
999 3411 1032 3466 90
1054 3411 1110 3464 und
1131 3415 1216 3464 unten
1240 3427 1278 3463 rm
1303 3411 1356 3464 Ab·

216 3477 321 3532 echnitt
338 3479 405 3532 liber
423 3479 528 3546 Vergil)
547 3478 608 3532 sind
626 3479 713 3532 neben
732 3479 835 3532 Codrus
854 3479 901 3532 der
918 3478 1073 3532 klassische
1091 3481 1185 3602 Tgpns
1204 3479 1357 3533 sohleohter

212 3545 328 3601 Dichter
359 3548 414 3600 und
441 3547 653 3615 missgtlnstiger
674 3547 841 3601 Kritihaster
865 3549 905 3618 (s.
929 3566 951 3602 z.
975 3549 1005 3602 Β.
1031 3548 1109 3602 Weic
1129 3553 1184 3614 ert,
1211 3551 1282 3617 poet.
1307 3548 1355 3603 lat.

217 3615 323 3680 Hostii,.
334 3616 429 3670 Laevii
448 3621 500 3670 etc.
518 3617 600 3682 vitae,
619 3617 691 3686 Lips.
712 3617 786 3682 1830,
823 3659 830 3671 .
848 3618 899 3672 407
917 3636 943 3672 n.
962 3617 1006 3686 b).
1044 3618 1180 3688 Sprechen
1198 3618 1283 3671 schon
1302 3618 1356 3672 alte

217 3683 330 3738 Dichter
356 3686 407 3739 wie
430 3687 520 3740 Horaz
545 3704 598 3739 von
625 3685 734 3739 ‘invidia
752 3718 786 3725 -
804 3635 875 3740 iivor
892 3719 925 3726 —
944 3686 1120 3754 malignitas',
1145 3705 1176 3740 so
1206 3686 1273 3740 wird
1298 3687 1355 3741 dies

214 3752 321 3807 Thema
338 3753 366 3808 in
385 3755 432 3808 dar
450 3759 578 3826 spateren
596 3755 732 3809 Literatur
749 3757 885 3822 geradezu
903 3773 966 3809 zum
984 3756 1185 3826 Gemeinplatz;
1208 3757 1263 3823 rgl.
1283 3775 1305 3810 z.
1324 3758 1355 3811 Β.

216 3821 367 3876 Vomanius
384 3824 412 3877 in
431 3825 478 3878 der
495 3824 607 3878 Anthol.
625 3824 673 3878 lat.
688 3826 727 3878 ed.
741 3823 821 3878 Riese
830 3825 876 3879 Νι.
887 3825 945 3889 636,
964 3825 1093 3879 Radewin
1110 3825 1139 3879 in
1157 3825 1259 3878 seinem
1272 3825 1356 3880 Theo-

217 3889 308 3959 philus
326 3893 359 3946 V.
378 3893 412 3946 93
430 3894 457 3946 ff.
476 3893 639 3963 (Mlinchner
658 3893 842 3960 Sitzungsber.
863 3893 937 3958 1873,
958 3895 1013 3958 96),
1032 3895 1126 3949 Gunzo
1145 3893 1175 3947 in
1194 3893 1283 3948 seiner
1295 3894 1356 3965 Epi·

214 3959 291 4012 stula
309 3961 342 4014 ad
364 3961 511 4029 Augiensis
533 3963 641 4026 fratres,
667 3963 772 4016 sodann
793 3962 946 4016 zahlreicha
967 3963 1157 4028 Humanisten‚
1176 3963 1227 4017 wie
1250 3963 1356 4018 Laurus

219 4027 346 4093 Quirinus
366 4049 393 4088 ιι.
412 4048 436 4084 a.
458 4062 491 4070 -
508 4020 645 4098 iibrigans
663 4031 782 4085 schreibt
800 4033 870 4086 auch
888 4033 1086 4086 Bernardus
1110 4032 1356 4102 Trajectensis

214 4099 250 4166 (s.
260 4097 348 4152 meino
357 4099 513 4168 llinleitung
523 4101 549 4154 S.
561 4101 603 4169 14)
621 4101 649 4154 in
661 4100 751 4154 seiner
759 4102 880 4155 Vorrede
891 4119 924 4154 zu
933 4102 1069 4155 Theodul:
1089 4103 1232 4156 mortuellus
1239 4103 1356 4172 peiorem

215 4170 245 4219 iu
259 4174 368 4235 partem
386 4175 542 4237 accepturos
560 4186 613 4222 uou
631 4169 735 4233 debile,
753 4171 801 4238 qui
818 4171 933 4224 sutilibus
950 4172 1068 4224 allorum
1087 4172 1224 4224 laboribus
1242 4172 1356 4225 inertiae

218 4252 312 4290 uomeu
338 4238 480 4306 impouuut
508 4239 687 4306 laudibusque
720 4239 847 4292 bouoruuc
883 4241 978 4293 livoris
1014 4241 1135 4294 nebulum
1166 4241 1355 4308 praetendunt.

216 4305 616 4372 Wilhelmv.Hirsohau,
636 4308 727 4377 Migne
748 4310 900 4374 150,1t40:
917 4324 1045 4378 praeseus
1063 4310 1355 4364 actast-‘uroximum

212 4376 324 4444 patitur
341 4377 483 4431 Invidiam.

1162 4469 1193 4521 2*
