3316 5170
781 392 993 449 „70..

321 560 361 621 ad
385 560 458 619 baec
478 559 662 619 tractatibus
689 560 752 620 suis
779 558 938 619 inserenda
964 561 1144 639 promptior.
1174 595 1214 604 -
1244 559 1466 635 †Iuvenalis

323 649 475 724 satyricus
489 647 622 724 optimus
641 646 845 707 Romanorum
859 646 938 707 vitia
957 646 1108 707 interdum
1131 649 1210 708 fessa
1229 648 1466 725 reprehensione

323 733 492 802 confundit,
515 733 632 793 cunctis
655 733 769 794 divinis
792 734 984 812 regularibus
1008 735 1174 794 sanitatem
1198 735 1330 794 hominis
1348 735 1467 812 praela-

323 827 385 880 tam
409 819 558 880 ostendit:
581 821 617 888 ,‘si
634 821 738 898 capiti,
762 821 909 899 inquiens,
933 822 1007 880 bene
1024 822 1066 880 sit
1082 821 1173 882 lateri
1193 821 1368 898 pedibusve,
1392 821 1467 901 quid

284 906 561 968 ¹tultra’divitiae
575 912 718 984 poterunt
737 909 855 986 regales
870 907 979 967 addere
1002 907 1127 968 maius?’
1151 914 1181 968 et
1202 909 1282 987 quod
1306 916 1464 986 poctarum

324 995 468 1073 opuscula
491 1014 571 1054 mors
595 1014 696 1054 corum
720 994 817 1072 magis
839 995 958 1054 dedicet
981 1014 1069 1073 quam
1086 996 1159 1064 vita,
1183 994 1298 1073 inquit,
1328 1001 1368 1056 ‘et
1386 995 1464 1056 nihil

324 1089 371 1143 est
394 1101 521 1150 sacrum.
550 1080 612 1140 nisi
639 1080 718 1158 quod
741 1082 881 1142 Libitina
905 1083 1052 1142 sacrarit'.
1080 1117 1120 1126 —
1148 1081 1315 1142 Homerus
1338 1102 1468 1160 graecus

323 1174 414 1248 poeta
437 1169 548 1227 librum
567 1188 651 1227 suum
671 1168 707 1227 de
727 1167 844 1229 excidio
864 1167 975 1228 Troiae
994 1174 1025 1228 et
1049 1168 1112 1228 eius
1132 1168 1289 1228 decennali
1309 1169 1468 1230 obsidione

325 1255 494 1332 composuit
518 1262 548 1313 et
576 1255 631 1314 hoc
655 1256 764 1315 bellum
788 1256 852 1315 eius
880 1255 1046 1314 materia
1068 1255 1248 1334 principalis
1272 1255 1345 1329 fuit3
1374 1275 1468 1336 porro

290 1341 499 1402 10intcntio
531 1341 594 1401 eius
623 1347 691 1400 tota
720 1341 832 1419 pendet
853 1343 883 1400 in
909 1342 996 1402 laude
1020 1342 1204 1402 Graecorum
1228 1348 1260 1402 et
1289 1343 1467 1403 confusione

274 1489 286 1515 ι
327 1429 537 1489 Troianorum.
583 1425 762 1506 Composuit
795 1433 826 1487 et
855 1429 1002 1488 minorem
1025 1429 1177 1504 libellum,
1212 1429 1264 1507 qni
1287 1429 1470 1489 intitulatur

326 1517 424 1575 minor
447 1515 604 1586 Homerus
627 1516 680 1574 uhi
703 1515 865 1593 praecipue
881 1516 1014 1575 Achillis
1038 1522 1069 1575 et
1091 1537 1185 1593 genus
1207 1517 1342 1576 ostendit
1360 1523 1391 1576 et
1405 1515 1467 1576 vir·

325 1608 432 1662 tutem.
475 1601 665 1661 Pindarus
689 1607 788 1662 autem
817 1603 1015 1681 philosophus
1043 1603 1277 1681 probatissimus
1302 1603 1464 1663 Homerum

327 1689 362 1748 de
380 1707 468 1766 greco
485 1689 645 1748 transtulit
661 1689 694 1748 iu
710 1689 849 1752 latinum.
886 1690 1029 1750 Meminit
1045 1690 1134 1749 buius
1153 1696 1262 1769 poetae
1273 1690 1468 1751 iheronimus

291 1783 317 1826 1b
326 1777 358 1837 iu
373 1777 453 1836 libro
470 1776 506 1834 de
524 1775 638 1853 optimo
653 1796 763 1853 genere
780 1775 1003 1854 interpretandi
1020 1777 1136 1838 dicens:
1160 1778 1195 1836 ‘si
1211 1777 1278 1854 quis
1292 1778 1466 1853 Homerum,

327 1864 385 1923 ait.
419 1883 541 1940 grecum
564 1873 684 1940 poetam
708 1861 891 1923 adverbum
914 1865 1081 1923 transferre
1097 1865 1230 1924 volucrit
1253 1865 1379 1924 turbata
1399 1863 1468 1941 lage

329 1950 424 2021 matri,
450 1948 569 2010 videbis
594 1951 692 2009 virum
724 1950 1001 2027 eloquentissimum
1028 1952 1080 2010 vix
1098 1952 1287 2030 loquentem,
1335 1950 1381 2011 Do
1411 1951 1468 2010 hoo

328 2038 420 2096 etiarn
452 2035 593 2096 Oratius:
626 2037 828 2114 ‘quandoque
857 2037 964 2115 inquit,
1002 2039 1097 2097 bouus
1128 2038 1274 2098 dormitat
1302 2037 1470 2112 Homerus,

329 2145 404 2202 quae
435 2130 535 2183 tamen
564 2122 707 2183 dormitio
743 2127 805 2182 eius
834 2130 995 2184 excusatur
1023 2124 1058 2184 de
1091 2144 1180 2203 opero
1212 2126 1313 2202 longo.
1369 2124 1467 2183 Huius

294 2211 453 2272 ‘20Homeri
480 2209 675 2289 pedissequus
706 2210 859 2285 Virgilius
887 2216 953 2270 erat
987 2217 1017 2270 et
1040 2212 1137 2290 ipsam
1161 2211 1290 2272 Troiani
1314 2210 1385 2270 belli
1408 2210 1470 2270 his·

329 2297 439 2359 toriam
467 2297 500 2356 iu
530 2296 686 2357 duodecim
717 2296 805 2356 libris
837 2297 1066 2375 conprehendit.
1111 2299 1235 2359 Floruit
1261 2302 1361 2357 autern
1389 2297 1469 2356 idem

418 2500 443 2569 1]
462 2516 484 2553 s.
503 2503 587 2553 uuten
604 2502 726 2569 Apparat
744 2500 780 2553 ll!
992 2499 1122 2570 baddere]
1143 2501 1247 2554 adesse.

418 2588 443 2657 ⁷]
461 2585 585 2640 libitima.

419 2774 504 2844 1ff.†]
524 2791 554 2827 es
572 2773 678 2827 soheint
696 2773 754 2826 hier
779 2774 837 2826 eine
856 2773 1007 2827 schwerere
1024 2774 1189 2827 Verderbnis
1213 2773 1399 2842 vorzuliegen;
1426 2773 1470 2827 die

331 2844 416 2896 Versa
440 2843 468 2895 in
486 2844 512 2896 Z.
531 2844 549 2896 4
567 2843 655 2896 undti
678 2842 739 2896 sind
770 2842 845 2895 nicht
876 2860 930 2895 von
952 2844 1078 2907 luvenal,
1114 2843 1231 2896 sondern
1261 2861 1316 2896 von
1340 2845 1470 2906 Horaz;

331 2912 373 2967 die
385 2912 596 2981 Diskrepanzen,
612 2911 654 2964 die
667 2911 777 2965 Konrad
787 2910 866 2964 hiezu
884 2911 967 2965 bietet
985 2912 1017 2981 (s.
1038 2912 1106 2965 auch
1118 2913 1287 2981 Apparatteil
1298 2913 1344 2981 u),
1364 2913 1425 2966 siud
1437 2930 1471 2965 zu

331 2981 416 3045 mark,
436 2981 477 3035 als
496 2981 560 3034 dass
578 2999 642 3034 man
655 2980 694 3034 sie
711 2999 763 3034 nur
782 2980 987 3048 aulltechnung
1006 2982 1053 3035 des
1072 2981 1280 3035 Sohreibers
1299 2982 1345 3036 der
1357 2981 1469 3035 Wiirzb.

331 3051 379 3104 Hs
399 3053 492 3104 setzen
511 3051 614 3114 dhrt‘te;
641 3050 684 3103 die
702 3050 788 3103 Versa
810 3051 904 3103 lauten
927 3050 955 3103 in
979 3050 1109 3116 richtiger
1126 3051 1219 3104 Form:
1243 3050 1320 3120 epist.
1340 3051 1360 3114 Ι,
1380 3051 1420 3114 12,
1440 3053 1471 3103 5:

332 3121 357 3173 si
374 3122 488 3173 neutri
506 3121 576 3184 deue,
597 3121 624 3172 si
642 3121 749 3172 luterist
758 3119 925 3186 pedibusque
938 3121 1002 3184 tura,
1022 3119 1216 3173 ealdintune
1228 3121 1472 3188 poteruntrepules

333 3190 432 3242 reddere
451 3191 546 3254 rricius,
565 3190 620 3241 und
639 3187 716 3258 epist.
735 3190 769 3253 ΙΙ,
789 3190 811 3253 1,
830 3190 879 3242 49:
904 3190 1122 3256 miraturque
1141 3191 1211 3242 uidit
1228 3191 1284 3241 uisi
1301 3189 1375 3257 quod
1393 3189 1471 3242 Libi-

333 3261 392 3312 tinu
414 3261 540 3312 secreuit.
564 3290 596 3298 -
615 3257 761 3311 Vielleicht
784 3257 833 3311 hat
850 3259 961 3312 Kourad
987 3257 1161 3325 geschricben
1187 3259 1224 3328 (Z.
1245 3259 1284 3326 ll:
1320 3257 1474 3313 ‘Oratius

332 3332 367 3382 ut
385 3328 523 3381 luvenalis
542 3328 678 3397 satyricus
697 3326 831 3396 optimus,
850 3328 906 3394 vgl.
925 3330 1009 3380 untan
1027 3326 1053 3380 S.
1074 3329 1114 3389 71,
1129 3328 1157 3391 2;
1177 3327 1282 3380 freilich
1300 3327 1338 3381 ist
1355 3343 1472 3394 zuzuge-

333 3397 442 3461 stehen,
467 3397 531 3450 dass
556 3397 615 3449 eine
633 3395 829 3466 Bespreohung
846 3397 1016 3450 luvanals
1041 3397 1109 3450 oben
1130 3396 1154 3450 S.
1175 3398 1215 3460 67,
1234 3396 1268 3450 33
1287 3395 1474 3464 angekitndigt

331 3466 464 3614 wurdei2]
483 3552 547 3588 vom
566 3533 662 3587 ‘minor
673 3534 817 3588 Homerus’
837 3533 891 3586 und
909 3552 964 3587 von
983 3534 1126 3588 ‘Pindarus
1145 3534 1319 3604 (Thebanus)’
1339 3533 1474 3656 spreohen

334 3605 374 3658 T¹
392 3604 432 3658 Τ2
449 3621 479 3656 rn
496 3604 582 3656 ihrem
593 3604 699 3657 Artikel
709 3604 775 3657 iiber
783 3603 885 3656 Homer
893 3603 980 3666 nicht;
1000 3603 1068 3657 doch
1085 3603 1174 3656 haben
1192 3604 1231 3657 sio
1244 3605 1341 3673 (gagen
1377 3603 1474 3671 ourad)

334 3675 376 3728 die
390 3673 512 3739 ‘Odissa',
531 3673 586 3726 und
604 3674 705 3726 wissen
722 3672 867 3726 immerhin
879 3690 912 3725 zu
921 3673 1041 3726 melden:
1068 3673 1200 3740 Virpilius
1211 3689 1277 3740 quio
1287 3689 1339 3724 nou
1352 3673 1474 3740 plenarie

335 3750 431 3797 erructu
450 3743 600 3810 descripsit,
614 3743 750 3794 Homerus
768 3741 878 3810 quidam
897 3744 1032 3796 lutr'uus
1049 3743 1124 3794 horno
1143 3758 1268 3805 praecum.
1286 3743 1316 3792 in
1341 3757 1373 3794 eo
1395 3748 1475 3810 purte

334 3813 471 3875 imitatum
497 3811 576 3878 Hugo
595 3829 619 3864 ν.
640 3811 754 3874 Trimb.‚
780 3811 847 3878 Reg.
868 3811 917 3864 164
938 3815 1022 3865 neunt
1045 3811 1096 3864 dan
1116 3810 1256 3864 ‘Pindarus
1278 3809 1473 3881 philosophus'.

333 3881 396 3948 Vgl.
415 3879 673 3934 Teuffel-Schwabe4
690 3882 706 3948 ξ
725 3880 782 3945 308,
803 3881 825 3933 2.

425 3949 466 4019 1⁴]
485 3949 692 4019 Hieronym.,
711 3949 796 4019 praef.
815 3949 843 4002 in
861 3948 952 4002 chron.
971 3949 988 4002 l.
1007 3949 1040 4012 ΙΙ,
1059 3948 1152 4016 Migne
1172 3967 1210 4016 gr.
1227 3950 1267 4014 19,
1287 3949 1348 4003 314:
1369 3948 1473 4018 Quodsi

336 4020 382 4072 cui
401 4036 452 4070 uon
470 4018 579 4072 uidetur
596 4020 706 4087 diripuere
723 4020 842 4087 pretium
861 4020 889 4070 in
909 4019 1130 4086 interpretatione
1148 4021 1260 4084 maturi,
1278 4017 1476 4071 Homerumnd

338 4089 441 4142 uerbum
460 4089 597 4155 exprimet
615 4088 643 4139 iu
662 4087 791 4151 lutiuum3
807 4090 872 4154 plus
891 4087 998 4155 ulr'quid
1017 4087 1114 4148 dicam,
1133 4089 1244 4141 eundem
1263 4105 1313 4140 suu
1332 4089 1361 4138 iu
1378 4089 1475 4156 lirrpuo

334 4173 431 4226 prosae
449 4157 536 4210 cerdis
556 4157 752 4224 interpretetur,
770 4157 874 4210 oidebe't
891 4158 1011 4209 ordinem
1029 4157 1178 4210 ridiculum
1197 4163 1221 4210 et
1231 4163 1337 4225 poetam
1355 4158 1477 4224 eloquen-

336 4228 469 4280 tissimum
487 4227 530 4278 oie
547 4228 704 4292 loquentem:
723 4225 777 4292 vgl.
797 4225 839 4278 die
857 4243 911 4279 von
929 4226 961 4279 K.
980 4227 1115 4292 gemeinta
1133 4226 1154 4280 ΙΙ
1174 4226 1237 4280 istel
1255 4228 1296 4291 57,
1321 4225 1413 4293 Migne
1431 4226 1474 4291 22,

337 4296 388 4350 572
408 4294 462 4348 und
480 4294 502 4347 Ε
522 4295 585 4348 istel
604 4295 643 4359 70,
662 4294 748 4348 welch
766 4294 878 4348 letztere
895 4295 939 4348 ioh
959 4295 1026 4348 oben
1044 4314 1078 4348 zu
1097 4295 1137 4361 68,
1156 4245 1173 4349 h
1191 4296 1217 4348 ff.
1237 4295 1327 4349 citiert
1344 4294 1420 4348 habe.

409 4369 437 4408 18
449 4363 479 4432 f.]
531 4381 621 4430 oran,
641 4382 685 4418 ars
703 4367 773 4434 poet.
793 4364 1132 4430 359f.,vgl.1nbeeka.
1153 4383 1176 4419 a.
1196 4364 1234 4429 0.,
1254 4363 1280 4418 S.
1301 4365 1358 4418 167.
