3316 5170
805 341 1017 398 -.80-

334 514 389 575 tibi
411 512 598 593 profecimus,
627 511 793 573 communis
815 509 870 570 erit
892 509 1046 570 amborum
1069 512 1201 573 docentis
1223 521 1253 572 et
1274 512 1414 574 discentis
1437 533 1475 573 ex

335 600 465 662 utilitate
486 599 643 678 profectus.

423 687 458 748 Ι).
480 685 577 746 Nemo
599 684 634 744 fit
654 692 776 762 repente
798 703 945 754 summus;
971 681 1101 744 fructum
1125 685 1232 744 artium
1246 684 1424 765 liberalium
1446 695 1476 746 et

335 771 517 834 naturalium
541 781 670 850 tempore
685 769 733 830 vel
755 778 864 829 natura
878 770 1060 829 metiendum
1075 779 1156 849 puto,
1179 772 1257 850 quia.
1281 773 1338 831 nisi
1353 782 1475 832 natura·

313 861 373 920 slis
404 860 516 938 ingenii
542 858 642 918 fervor
670 857 777 916 insitus
806 866 982 936 tempusque
1011 856 1162 935 prolixum
1185 857 1334 918 hominem
1358 859 1396 918 ad
1418 859 1475 919 has

335 955 437 1027 portas
460 944 646 1025 promoverit,
668 943 821 1003 introitum
843 942 883 1002 ad
905 943 1046 1004 interiora
1067 943 1215 1022 quomodo
1237 945 1388 1023 sperabit?
1416 945 1475 1008 Sed

336 1034 373 1094 de
395 1033 551 1093 materia
573 1030 622 1092 vel
644 1030 856 1090 intentione
878 1049 980 1089 eorum
1002 1029 1053 1108 qui
1076 1031 1183 1090 artium
1198 1031 1323 1091 istarum
1339 1041 1474 1093 auctores

335 1121 458 1181 fuerunt
477 1119 549 1198 quid
572 1116 729 1178 dicendum
752 1117 816 1176 est?

425 1203 531 1274 <lt>
543 1203 700 1282 Quomodo
708 1211 738 1262 et
748 1201 901 1264 naturales
908 1202 1085 1282 disciplinae
1097 1213 1230 1264 carerent
1243 1204 1369 1264 materia
1379 1205 1474 1265 inten-

301 1313 327 1354 10
335 1295 416 1354 tione
437 1292 486 1354 vel
509 1311 600 1351 causa
623 1289 713 1363 finali,
736 1309 812 1362 cum,
835 1289 893 1348 nisi
914 1291 1052 1370 primitus
1074 1290 1149 1350 baec
1170 1300 1270 1351 essent
1292 1311 1381 1350 sensu
1405 1311 1474 1351 auc-

337 1380 407 1441 toris
430 1379 551 1438 rationis
575 1377 678 1437 ordine
706 1375 862 1455 disposita,
895 1377 982 1437 nulla
1004 1377 1145 1456 propositi
1176 1379 1271 1456 operis
1305 1387 1476 1456 sequeretur

335 1465 489 1526 efficacia?
512 1465 728 1526 Verumtamen
744 1483 804 1522 non
819 1463 948 1524 multum
962 1463 1016 1524 tibi
1032 1464 1219 1524 causandum
1233 1473 1279 1524 est
1298 1464 1336 1525 de
1351 1465 1475 1524 materia

336 1553 498 1630 ceterisque
524 1551 654 1610 liminari
676 1549 806 1628 paginae
828 1549 1158 1630 comprehendentibus,
1188 1551 1259 1630 quia
1282 1571 1321 1610 ex
1343 1551 1475 1630 ipsarum

265 1641 328 1736 {¹¹⁸2st
336 1639 560 1718 disciplinarum
583 1635 740 1698 vocabulis
752 1637 877 1697 materia
899 1637 948 1698 vel
971 1638 1097 1697 intentio
1111 1637 1113 1718 J
1128 1638 1316 1716 cognoscitur
1338 1637 1475 1698 auctoris

302 1725 452 1804 1sMagua
479 1725 558 1784 enim
586 1723 752 1783 differentia
779 1722 857 1784 inter
878 1723 1027 1785 vocabula
1054 1732 1164 1784 eventu
1190 1733 1301 1785 natura
1322 1723 1370 1785 vel
1398 1732 1476 1784 certe

337 1811 433 1872 officio
456 1810 631 1871 mortalibus
654 1810 807 1888 impressa,
834 1810 887 1869 ubi
908 1830 1015 1870 nomen
1038 1810 1170 1889 personis
1193 1830 1212 1870 a
1233 1810 1408 1890 parentibus
1430 1811 1475 1868 in·

337 1898 432 1957 ditum
448 1896 524 1957 nihil
547 1897 584 1957 de
607 1896 721 1956 artibus
743 1896 774 1954 in
797 1897 838 1956 eis
860 1897 968 1957 bituris
991 1906 1086 1967 sonat,
1105 1906 1135 1957 et
1156 1896 1212 1957 illa
1226 1896 1382 1970 vocabula,
1398 1917 1476 1975 quae

337 1985 432 2063 ipsius
448 1984 577 2043 nominis
600 1981 802 2061 appellatione
821 1984 892 2044 artis
907 1983 1065 2044 efficatiam
1081 1984 1114 2043 in
1128 1991 1247 2044 auctore
1262 1983 1475 2058 demonstrant

424 2072 463 2130 I).
486 2069 619 2132 Ostende
641 2067 721 2148 quod
743 2068 980 2148 dicis'apertius

301 2177 328 2220 ao
423 2159 466 2217 M.
487 2156 582 2217 Verbi
604 2155 710 2234 gratia,
732 2175 799 2216 cum
822 2156 889 2217 dico
911 2155 1066 2234 ‘Virgilius
1082 2155 1197 2217 Statius
1220 2154 1389 2228 Salustius,
1411 2154 1478 2215 nul-

337 2244 396 2304 lius
418 2243 514 2322 operis
538 2242 697 2303 efficatiam
728 2242 908 2320 significanti
931 2241 1131 2320 intelligentia
1153 2241 1308 2302 vocabulis
1331 2242 1377 2302 his
1400 2262 1478 2303 com·

338 2330 515 2410 prehensam
549 2329 730 2400 demonstro,
763 2329 821 2388 nisi
851 2329 949 2390 dicam
983 2329 1060 2390 ‘hinc
1091 2329 1141 2389 vel
1173 2328 1244 2389 inde
1270 2328 1322 2389 ille
1349 2329 1398 2390 vel
1426 2328 1479 2389 ille

340 2417 477 2496 scripsit’,
511 2416 582 2495 quia
614 2424 644 2495 et
670 2415 749 2474 aliae
775 2424 901 2495 possunt
932 2436 996 2476 esse
1029 2435 1172 2494 personae
1203 2415 1290 2474 simili
1322 2416 1478 2476 nominum

340 2503 541 2582 appellatione
567 2510 689 2562 notatae
718 2510 748 2562 et
777 2502 896 2563 eaedem
923 2502 1041 2563 idiotae.
1086 2502 1161 2563 Cum
1185 2521 1255 2562 vero
1284 2501 1350 2562 dico
1373 2509 1478 2581 ‘gram-

304 2591 448 2652 atmatica
470 2589 626 2651 dialectica
648 2589 810 2662 rethorica',
833 2589 864 2649 in
887 2589 955 2668 ipsa
975 2589 1128 2648 nominum
1148 2588 1354 2649 enuntiatione
1370 2589 1478 2648 artium

338 2676 579 2756 consequentiam
598 2676 674 2735 idest
689 2675 843 2736 materiam
858 2675 1053 2736 intentionem
1069 2694 1191 2736 causam
1208 2673 1330 2735 finalem
1345 2674 1477 2736 ostendo

341 2762 451 2823 Verum
481 2763 617 2823 adhibita
644 2762 776 2842 ipsarum
802 2762 1027 2841 disciplinarum
1058 2761 1236 2821 diffinitione
1264 2761 1369 2822 melius
1399 2760 1479 2840 quod

337 2849 463 2910 dicimus
486 2850 595 2928 poteris
617 2849 777 2910 advertere.
814 2848 1061 2910 Grammatico
1084 2848 1212 2909 aliteris
1228 2867 1337 2908 nomen
1350 2847 1477 2927 accepit;

337 2946 506 3014 grammata
536 2936 616 2996 enim
645 2935 753 2996 Graeci
786 2935 888 2995 literas
921 2936 1037 3008 dicunt,
1070 2934 1139 2995 inde
1172 2935 1369 3013 grammatica
1391 2933 1478 3013 quasi

303 3022 502 3086 soliteratoria
548 3022 665 3083 dicitur.
738 3021 796 3082 Est
843 3024 943 3082 autem
984 3022 1180 3100 grammatica
1215 3029 1294 3081 recte
1337 3019 1479 3100 loquendi

338 3109 462 3170 scientia
491 3109 558 3188 ipsa
585 3117 615 3168 et
643 3109 724 3187 origo
746 3118 776 3168 et
797 3108 1027 3169 fundamentum
1049 3106 1219 3168 liberalium
1241 3107 1477 3187 disciplinarum.

338 3195 401 3272 Qui
423 3195 502 3255 enim
532 3193 633 3255 literas
656 3195 781 3273 ignorat,
813 3216 874 3275 qua
895 3195 1010 3256 ratione
1031 3194 1185 3254 literarum
1207 3193 1339 3254 officium
1359 3194 1390 3252 in
1413 3192 1479 3252 reli·

338 3283 404 3361 quis
430 3281 595 3361 disciplinis
626 3282 815 3360 exsequitur?
859 3282 998 3360 Denique
1027 3281 1219 3341 rethorica
1245 3301 1353 3359 graeca
1374 3277 1478 3358 appel·

338 3368 449 3429 latione
477 3388 534 3447 apo
557 3378 591 3429 tu
620 3367 776 3428 rethorisin
797 3368 874 3428 idest
895 3389 914 3428 a
936 3367 1023 3446 copia
1044 3367 1202 3428 locutionis
1225 3366 1346 3439 dicitur;
1379 3365 1479 3425 rethor

303 3456 416 3517 atenim
447 3464 557 3528 orator,
588 3454 735 3515 rethorica
756 3456 886 3514 oratoria
907 3454 1023 3515 dicitur.
1068 3454 1161 3514 Porro
1184 3453 1399 3514 dialectica
1420 3451 1480 3512 dis·

409 3607 434 3677 9]
454 3608 503 3661 das
521 3608 560 3662 Μ.
579 3607 657 3661 fehlt.
765 3606 806 3677 13]
826 3605 1068 3675 comprehentibus.
1175 3605 1217 3676 18]
1238 3606 1418 3659 demonstrat.

407 3764 520 3835 28-31]
538 3763 632 3828 Isid,
652 3782 689 3817 or.
709 3763 729 3827 Ι,
748 3764 814 3827 5,1:
833 3763 1012 3830 promatertera
1031 3767 1069 3816 est
1085 3761 1201 3816 scientia
1219 3765 1288 3815 recte
1307 3760 1434 3830 loquendi
1452 3765 1479 3815 ct

339 3834 416 3902 oripo
441 3838 465 3888 et
484 3833 691 3898 fundamentum
715 3833 868 3886 liberalium
893 3832 1050 3897 literarum
1074 3849 1117 3884 μ
1134 3831 1315 3900 grammatica·
1343 3827 1433 3885 duum
1460 3845 1478 3883 a

338 3903 425 3956 literis
442 3917 536 3954 conten
554 3903 669 3970 accepit;
688 3903 819 3975 γράμματα
837 3901 906 3954 euim
926 3901 1028 3954 Gracci
1045 3901 1139 3955 literas
1155 3905 1260 3953 vocant.

410 3976 438 4014 32
450 3971 490 4025 lit.
508 3971 574 4042 ign]
593 3972 648 4039 vgl.
668 3973 737 4026 oben
753 3972 796 4037 41,
816 3971 857 4036 27,

410 4041 452 4112 33]
471 4039 564 4106 laid,
590 4059 627 4095 or.
646 4041 679 4105 H,
706 4040 775 4105 1,1:
799 4038 876 4092 dicto
899 4046 988 4093 autem
1012 4037 1146 4092 rhetorico
1170 4052 1271 4108 praeca
1296 4037 1479 4105 apellatione

340 4107 389 4162 ἀπὸ
415 4121 459 4162 τοῦ
485 4109 629 4182 ρἠτορίζειν
654 4110 724 4164 idest
749 4126 766 4162 c
790 4109 869 4177 copia
893 4108 1052 4172 {oratiorum
1082 4108 1157 4182 p‘qa:
1176 4107 1246 4160 enim
1264 4121 1321 4175 apa
1360 4106 1481 4160 Graecos

340 4179 441 4234 locatio
460 4178 570 4241 dicitur,
590 4179 680 4251 ρ’ἠτωρ
699 4184 800 4232 orator.

411 4248 452 4318 3⁵]
473 4248 561 4315 isid,
591 4266 628 4303 or.
647 4249 680 4315 II,
704 4249 744 4313 22,
770 4248 858 4300 lund
876 4248 905 4300 2:
931 4246 1074 4301 dialectica
1097 4251 1135 4300 est
1159 4245 1307 4367 ‘imiimi
1325 4243 1362 4297 ad
1381 4242 1481 4296 discer-

340 4318 443 4372 nendas
466 4333 555 4370 rerum
579 4334 677 4372 causas
701 4319 812 4370 invento
835 4335 879 4370 μ
902 4316 1076 4382 diffiniendi,
1103 4315 1251 4383 quaerent
1279 4319 1304 4368 et
1328 4311 1481 4367 disserendi
