3316 5170
787 367 997 426 ..50-

401 539 444 599 M.
466 537 637 599 Materia
663 538 727 598 eius
756 537 985 616 psichomachia
1011 543 1058 598 est
1088 539 1168 600 idest
1195 540 1317 602 animae
1349 562 1462 620 pugna,

315 625 394 687 unde
408 630 507 686 totum
516 625 588 685 libri
604 644 713 704 corpus
725 624 895 686 confectum
909 629 968 698 est,
985 626 1079 704 ipsam
1095 627 1462 705 enimccncupiscentiam

315 712 418 775 carnis
442 712 587 773 adversus
610 711 753 788 spiritum
785 718 815 772 et
838 719 963 773 econtra
986 713 1147 774 materiam
1170 714 1244 776 libri
1275 716 1322 775 sui
1345 735 1465 793 compo-

316 799 407 860 nendi
430 799 480 860 vel
503 797 664 860 ordinandi
681 798 807 876 accepit,
832 819 921 876 quam
942 799 1150 876 experimento
1170 801 1312 879 proprias
1325 808 1461 874 naturae,

293 887 409 947 ostiam
433 885 458 946 si
482 885 623 946 deessent
645 887 739 945 verba
762 886 810 946 vel
834 885 985 964 exempla,
1008 885 1040 945 in
1060 906 1091 947 se
1113 888 1308 967 recognovit,
1340 923 1379 936 —
1411 890 1464 951 sed

316 973 365 1035 vis
390 993 476 1034 nosse
500 971 572 1050 quid
594 971 759 1032 intendat?

402 1077 441 1135 D.
464 1075 581 1140 Etiam.

403 1181 444 1239 Μ.
468 1180 648 1240 Intentio
682 1180 746 1240 eius
774 1183 821 1239 est
850 1179 994 1240 lectorem
1025 1179 1083 1240 fide
1112 1179 1232 1242 Christi
1262 1181 1411 1243 imbutum
1443 1204 1477 1244 a·

315 1266 403 1328 vitiis
428 1271 566 1327 avertere
583 1269 619 1327 tt
632 1265 760 1327 ‘Christi
783 1266 949 1343 templum’,
966 1267 1045 1344 quod
1068 1272 1115 1328 est
1138 1262 1202 1347 ipse
1218 1269 1315 1342 homo,
1339 1270 1397 1331 fide
1413 1271 1463 1331 vel

281 1353 450 1413 rumoribus
474 1373 591 1432 ornare,
615 1361 651 1413 ut
673 1352 792 1414 ‘mundo
816 1352 973 1414 moriatnr’
997 1361 1028 1412 et
1050 1355 1150 1415 vitam
1174 1354 1206 1414 in
1222 1356 1373 1416 virtutum
1396 1377 1463 1435 pos-

201 1451 264 1495 siau
277 1440 446 1501 insessione
483 1445 694 1516 consequatur.
749 1438 877 1500 Causa
912 1439 1055 1500 finalis
1092 1438 1227 1525 effectus(
1236 1443 1463 1504 exhortationis

316 1532 371 1589 est.
415 1527 544 1587 Ethioae
572 1527 762 1605 subponitur.
817 1529 861 1587 Et
883 1527 939 1586 hoc
963 1526 1042 1588 scire
1064 1527 1153 1588 debes
1184 1536 1335 1590 auctorem
1368 1530 1461 1591 istum

316 1613 446 1674 misticis
477 1613 615 1674 sensibus
648 1614 807 1691 legendum
842 1618 873 1672 et
905 1613 1089 1688 discendum,
1119 1614 1151 1674 in
1186 1615 1295 1692 quibus
1324 1617 1463 1678 sensibus

315 1700 467 1761 interdum
492 1701 579 1778 quasi
602 1701 690 1761 flores
713 1700 896 1778 disciplinae
919 1699 1043 1760 moralis
1063 1709 1220 1780 apparent,
1245 1704 1298 1780 qui
1319 1703 1365 1764 ita
1380 1704 1463 1765 colli·

280 1797 306 1838 15
316 1787 409 1866 gendi
430 1793 511 1859 sunt,
535 1787 616 1848 sicut
639 1787 676 1847 ad
700 1786 820 1848 literam
843 1787 1051 1866 proferuntur.

402 1891 440 1954 l).
464 1891 532 1951 Non
555 1896 617 1950 tam
642 1890 737 1951 miror
759 1891 858 1969 ipsam
874 1889 1103 1969 significativae
1125 1891 1232 1952 literae
1254 1891 1462 1953 subtilitatem

315 1999 404 2055 quam
427 1976 515 2037 fidem
546 1978 596 2038 vel
618 1977 800 2055 pudiciciam
833 1984 864 2038 et
895 1983 1013 2038 ceteras
1046 1979 1175 2039 virtutes
1198 1977 1346 2040 vitiorum
1369 1980 1461 2041 choro

314 2065 509 2140 rebellantes,
533 2084 601 2124 cum
624 2064 722 2143 magis
745 2063 802 2126 hoc
826 2064 909 2125 fideli
932 2070 963 2124 et
984 2063 1096 2142 pudico
1113 2066 1164 2126 vel
1187 2066 1320 2145 patienti
1343 2067 1465 2128 accidat

315 2172 403 2228 quam
428 2170 530 2212 eorum
554 2150 766 2228 qualitatibus,
790 2171 865 2228 quae
888 2172 942 2212 nec
966 2149 1114 2212 videntur
1136 2172 1191 2214 nec
1213 2173 1352 2231 pugnare
1374 2174 1464 2233 posse

279 2240 498 2316 roprobantur3
523 2237 622 2297 videri
645 2242 774 2316 possunt
803 2240 870 2299 loca
893 2239 942 2299 vel
965 2257 1112 2315 personae
1136 2239 1185 2300 vel
1208 2261 1462 2318 quarumcumque

313 2345 414 2386 rerum
448 2323 650 2402 corporalium
680 2327 728 2387 vel
759 2325 1026 2386 contrectabilium
1058 2326 1262 2400 substantiae,
1295 2327 1463 2404 qualitates

314 2433 426 2483 earum,
451 2412 532 2472 sicut
554 2433 571 2471 a
594 2417 625 2472 te
648 2411 753 2488 didici,
777 2412 877 2474 videri
900 2432 959 2473 non
982 2417 1120 2489 possunt.

400 2517 442 2576 Μ.
466 2515 562 2576 Recte
585 2517 693 2589 sentis;
725 2517 827 2577 album
860 2516 976 2593 lignum
1000 2517 1124 2576 rubrum
1147 2518 1268 2596 nigrum
1293 2519 1341 2578 vel
1364 2517 1462 2579 cuins·

314 2623 439 2680 cumque
462 2603 573 2664 coloris
591 2603 691 2664 videri
708 2604 827 2681 quidem
851 2610 979 2682 possunt
999 2604 1201 2679 substantiae,
1224 2605 1332 2666 albedo
1347 2605 1463 2666 rubedo

278 2690 439 2767 renigredo
478 2695 596 2764 <neo>
631 2690 730 2752 videri
765 2712 820 2752 uec
842 2692 941 2769 tangi
972 2697 1116 2768 possunt,
1152 2691 1223 2767 quia
1255 2691 1460 2753 subiectorum

314 2797 434 2837 suorum
463 2777 629 2854 qualitates
653 2778 702 2837 vel
726 2777 896 2838 accidentia
918 2785 1008 2849 sunt3
1032 2777 1076 2838 sic
1099 2777 1136 2837 de
1151 2777 1210 2838 fide
1233 2779 1372 2855 quamvis
1393 2780 1462 2838 sub·

314 2863 432 2924 stantia
454 2864 506 2924 sed
529 2864 691 2937 invisibili,
716 2864 760 2924 sic
779 2864 985 2944 depudicioia,
1010 2863 1054 2923 sic
1072 2863 1109 2924 de
1123 2865 1276 2941 patientia
1301 2872 1332 2926 et
1347 2865 1462 2926 ceteris

315 2969 369 3010 suo
394 2950 499 3011 ordine
523 2951 613 3012 viciis
637 2951 786 3028 obpositis
810 2951 961 3029 intellige.

401 3055 442 3118 Ι).
465 3054 608 3128 Qualiter
638 3055 736 3134 igitur
775 3077 820 3116 me
851 3055 898 3115 vis
933 3053 1109 3132 intelligere
1139 3056 1270 3116 duellum
1303 3056 1462 3135 singulare

279 3141 462 3202 noviciorum
488 3143 536 3201 vel
560 3143 708 3201 virtutum
732 3142 796 3202 sine
820 3141 974 3219 personali
997 3143 1148 3202 materia?

409 3246 451 3305 Μ.
474 3245 606 3322 Tropice
628 3246 708 3307 idest
730 3266 784 3323 per
806 3247 934 3325 figuram
958 3247 1172 3308 metonomiam
1189 3247 1264 3307 haec
1280 3246 1458 3324 accipienda

314 3337 393 3404 sunt,
416 3332 468 3392 ubi
498 3333 624 3410 ponitur
646 3333 805 3394 continens
829 3353 883 3410 pro
912 3354 946 3395 eo
971 3333 1050 3410 quod
1078 3334 1254 3396 continetur
1282 3334 1363 3393 idest
1386 3333 1461 3394 fides

314 3437 369 3495 pro
392 3417 487 3490 fidele,
510 3419 665 3498 ydolatria
687 3440 741 3498 pro
764 3420 907 3498 ydolatra
930 3427 961 3480 et
984 3423 1028 3480 sic
1053 3417 1229 3494 doceberis,
1253 3425 1287 3480 ut
1302 3421 1460 3481 virtuosus

401 3625 426 3693 2]
445 3625 505 3695 ipsa
523 3626 594 3678 enim
613 3617 838 3696 coucupiscentia.
913 3626 1069 3695 23lignu1n]
1088 3627 1139 3680 lies
1159 3626 1301 3693 ‘gilvum’‘?

323 3753 326 3756 ¹
401 3795 426 4003 Ἰ
445 3814 466 3848 s.
487 3797 554 3849 osen
573 3815 606 3849 zu
625 3797 666 3860 33,
686 3799 708 3850 r.
928 3797 953 3867 3]
972 3799 1027 3867 vgr.
1047 3799 1066 3851 1.
1087 3799 1146 3852 cor.
1166 3799 1189 3864 3,
1211 3799 1255 3862 ru
1275 3773 1352 3852 noni.
1371 3799 1395 3863 c,
1417 3799 1460 3852 io.

384 3869 412 3906 12
446 3865 486 3918 T¹
505 3865 544 3918 T²
562 3883 596 3918 zu
613 3865 711 3919 Prud:
730 3867 833 3919 elisisse
851 3867 1021 3934 svsbpouc'lur.

383 3938 413 3976 ⁴24
446 3952 480 3987 zu
498 3934 609 3999 ‘albedo
628 3934 747 4002 nigredo’
773 3953 794 3988 s.
814 3953 836 3987 z.
855 3935 886 3988 B.
912 3936 954 3988 die
978 3937 1006 3989 in
1024 3937 1140 3990 Meisers
1158 3938 1243 4004 Ausg.
1266 3955 1319 3990 von
1338 3935 1459 3990 Boeth.

313 4001 809 4126 comm.dae,riBipp}pyelu;dgepapnmu
823 4004 1035 4128 sledllenisssml
1053 4006 1276 4128 dafflllfleffr
1294 4023 1457 4128 solgfflopggp).

313 4087 783 4278 &mnasilusolllolllsdlrellurllpd.r
792 4090 835 4195 lili
852 4116 942 4207 Pulc,
961 4093 1058 4213 pldycolll
1074 4144 1107 4197 V.
1128 4093 1193 4197 21pn,
1241 4092 1304 4142 Igne
1375 4117 1380 4137 ⁹
1453 4115 1459 4126 .

384 4213 411 4289 331
445 4210 539 4273 leid,
560 4229 597 4262 or.
616 4210 636 4275 l,
660 4211 699 4275 36,
711 4211 740 4264 8:
766 4213 923 4264 irretouomdo
938 4230 982 4263 μ
992 4228 1042 4280 per
1060 4213 1091 4265 id
1109 4213 1181 4280 qrsod
1200 4213 1320 4266 eontinet
1339 4213 1368 4266 id
1386 4211 1459 4282 quood

314 4283 468 4332 contraeun-
486 4279 611 4333 ostendit.

384 4347 506 4417 33ydol.]
527 4366 548 4401 s.
567 4367 601 4402 zu
617 4349 659 4412 40,
679 4350 694 4401 9
713 4349 767 4402 und
784 4349 826 4414 49,
848 4349 887 4402 19.
