3316 5170
637 388 850 445 -31-

175 569 276 621 turam
295 558 549 636 superedificavit.
593 559 691 618 Porro
714 557 894 618 intentio
918 558 983 616 eius
1006 562 1054 617 est
1076 556 1200 616 exordia
1222 575 1319 634 gram·

175 646 308 707 maticae
331 644 512 723 disciplinae
534 643 714 705 intrantium
737 649 854 703 mentes
878 642 1072 704 ordinatione
1094 647 1162 704 octo
1186 641 1319 720 partium

176 736 320 804 imbuere,
351 738 387 792 nt
410 731 457 792 his
480 731 622 810 partibus
645 730 839 808 partiumque
866 730 1153 808 consignificentiis,
1184 729 1319 790 acciden·

177 821 233 882 tiis
261 819 407 880 videlicet
440 823 470 878 et
508 817 745 896 consequentiis,
780 817 853 878 fixis
890 817 1055 878 mobilibus
1092 816 1320 895 comparativis

178 906 340 987 generibus
353 911 384 965 et
400 905 565 984 speciebus
588 903 722 965 numeris
738 908 770 964 et
785 903 900 982 figuris,
924 924 1047 965 casuum
1062 903 1277 963 inflexionibus
1290 909 1321 964 et
1344 913 1358 954 ῠ

178 994 275 1055 isdem
299 1013 352 1072 per
368 995 461 1054 verba
483 991 633 1070 regendis,
655 990 912 1052 declinationibus
935 991 1068 1052 nominis
1092 995 1123 1050 et
1146 989 1233 1050 verbi
1255 1011 1322 1070 pro·

178 1079 309 1142 nominis
339 1086 370 1140 et
401 1077 561 1159 participii
592 1078 723 1140 diversis
755 1084 978 1153 assuescerent,
1022 1077 1098 1138 locis
1133 1078 1320 1155 temporibus

177 1167 277 1230 modis
301 1171 333 1226 et
355 1166 493 1244 personis
517 1165 687 1243 ceterisque
710 1165 850 1245 partibus
866 1163 1049 1242 regulariter
1070 1163 1130 1225 sibi
1153 1165 1322 1225 coherenti-

178 1256 233 1315 bus
247 1254 285 1314 ad
296 1253 494 1315 ordinandam
505 1252 598 1313 certis
610 1250 788 1313 etdiscretis
800 1251 1005 1330 positionibus
1017 1252 1184 1312 orationem
1198 1251 1322 1312 metrice

178 1343 228 1403 vel
241 1341 378 1419 prosaice
388 1344 518 1400 mentem
527 1340 738 1401 informarent.
755 1338 896 1411 Quantus
906 1345 1007 1398 antem
1019 1339 1171 1399 fructus
1182 1338 1321 1398 finalis
1332 1346 1359 1388 10

177 1428 345 1506 legentium
361 1427 394 1486 iu
409 1427 464 1487 boc
481 1446 570 1506 opere
586 1425 643 1499 sit,
664 1445 719 1503 per
738 1425 794 1485 hoc
810 1426 1006 1503 cognoscitur
1023 1445 1062 1484 an
1077 1424 1236 1503 ignoraret
1250 1426 1322 1504 quid

179 1514 382 1593 grammatica
393 1514 434 1573 eit
448 1513 500 1592 qui
515 1513 669 1574 Donatum
681 1511 865 1590 neglexerit;
890 1512 926 1573 de
938 1512 1051 1572 maiore
1066 1511 1144 1572 enim
1160 1516 1192 1572 et
1207 1512 1322 1573 minore
1434 1573 1435 1582 ,

179 1603 303 1662 Donato
322 1620 420 1661 sermo
430 1600 518 1660 nobis
535 1607 588 1672 est,
605 1599 656 1677 qui
677 1619 756 1660 unns
775 1598 913 1678 idemque
938 1600 1069 1660 minores
1095 1598 1215 1677 quidem
1231 1599 1322 1660 lactis

180 1690 266 1749 fovet
287 1687 319 1746 in
334 1686 501 1748 minoribns
524 1685 696 1765 disciplinis
717 1686 869 1758 alimento,
893 1687 1022 1747 maiores
1046 1685 1144 1762 <in>
1168 1685 1323 1747 institutis

181 1774 362 1835 fortioribus
385 1773 486 1852 pascit
508 1773 605 1835 solido
628 1773 712 1845 cibo;
736 1773 787 1834 sed
811 1772 847 1833 de
873 1773 929 1833 hoo
952 1777 1074 1834 auctore
1097 1772 1174 1832 satis
1197 1773 1359 1833 dictumue

267 1861 307 1921 D.
329 1860 474 1939 Magnum
485 1866 567 1921 certo
579 1859 754 1920 testimonio
765 1861 904 1937 probasti
918 1861 1066 1923 Donatum
1080 1861 1322 1937 grammaticum,

180 1947 233 2027 qui
264 1947 390 2026 gradum
420 1947 555 2007 infimum
579 1946 661 2007 inter
692 1951 831 2007 auctores
860 1947 918 2007 huo
946 1967 1041 2025 usque
1067 1947 1144 2006 mihi
1166 1947 1251 2006 visus
1275 1953 1324 2006 est

180 2035 316 2096 tenuisse
340 2041 465 2114 propter
488 2034 661 2095 rudimenta
683 2034 889 2112 parvulorum.

268 2123 310 2181 Μ.
331 2121 574 2182 Fundamentum
598 2121 629 2180 in
652 2119 800 2180 aedificiis
816 2118 914 2181 locum
932 2120 1023 2181 habet
1037 2119 1241 2198 praecipuum,
1265 2140 1323 2197 quo

181 2209 303 2270 sublato
337 2208 410 2285 quid
432 2214 561 2286 prosunt
590 2214 672 2268 artes
700 2207 733 2267 in
755 2207 959 2268 construenda
980 2207 1099 2267 fabrica
1122 2203 1360 2290 architectollae
1376 2229 1439 2273 auat

268 2295 307 2355 D.
330 2295 411 2367 Quia
432 2295 530 2372 igitur
559 2295 597 2355 ad
620 2298 726 2374 poetes
750 2293 837 2355 nobis
860 2294 1011 2354 transitus
1034 2298 1083 2353 est
1104 2298 1136 2352 et
1158 2294 1218 2353 iam
1241 2314 1324 2372 prae·
1383 2284 1412 2325 ⁹⁰

181 2381 297 2442 misisti
319 2382 356 2442 de
378 2383 527 2442 librorum
546 2380 787 2460 proprietatibus
811 2386 842 2440 et
865 2401 965 2442 eorum
989 2379 1218 2451 convenientiis,
1243 2381 1325 2441 sient

182 2469 348 2546 inquisitus
371 2489 420 2545 es,
450 2467 539 2528 iuxta
566 2463 701 2528 ordinem
733 2467 923 2528 studentium
951 2474 1108 2528 anctorum
1139 2468 1212 2528 ordo
1235 2469 1324 2528 nobis

179 2554 336 2633 ponendus
367 2559 423 2618 est.
466 2552 613 2614 Catonem
641 2555 740 2632 igitur
770 2554 863 2632 iunge
886 2555 1007 2616 Donato
1028 2553 1113 2632 quasi
1135 2553 1324 2615 sillabarium
1383 2559 1394 2603 1

178 2640 375 2716 abecedario;
399 2640 575 2701 sicutenim
598 2641 721 2701 literam
737 2640 865 2702 sillabae
884 2643 935 2702 vel
950 2641 1095 2702 dictionis
1111 2641 1256 2719 cognitio,
1280 2643 1323 2704 sic
1334 2646 1360 2690 2⁵

182 2727 257 2789 (lato
281 2729 435 2788 Donatum
458 2727 490 2787 in
514 2729 711 2806 parvulorum
734 2728 834 2789 studio
857 2729 1060 2808 subsequitur.

269 2812 375 2886 Super
408 2811 651 2875 decoremur.
698 2815 815 2876 Romae
851 2813 983 2876 Catones
1018 2813 1198 2892 perplurimi
1232 2815 1325 2875 fuisse
1546 2885 1556 2896 .

182 2901 363 2980 probantur,
388 2901 437 2961 sed
462 2900 593 2962 diversis
615 2902 818 2979 temporibus,
844 2907 881 2962 ut
902 2901 1023 2986 rigidus
1046 2900 1138 2976 Cato,
1163 2901 1325 2963 Censorius
1487 2933 1489 2940 ·
1526 2893 1530 2904 ’

180 2986 266 3062 Cato,
289 2987 504 3048 disertissimus
527 2988 615 3049 iuxta
635 2985 819 3050 ieronimum
836 2987 923 3065 cato,
948 2983 1000 3068 qui
1022 2985 1083 3049 iam
1107 3008 1198 3049 senex
1220 2987 1325 3049 literas
1404 3045 1412 3067 ,
1480 3047 1484 3061 ,
1527 2998 1591 3054 l
1622 2992 1627 3008 '

182 3094 307 3153 graecas
329 3075 445 3136 discere
468 3094 522 3135 nec
545 3075 668 3136 erubuit
690 3096 744 3136 nec
767 3075 951 3152 desperavit.
997 3075 1056 3136 Sed
1079 3074 1157 3136 Cato
1184 3076 1257 3149 iste,
1288 3075 1361 3137 de³⁰
1405 3108 1429 3127 ··
1481 3072 1485 3083 '

182 3181 240 3239 quo
268 3158 357 3221 nobis
388 3162 525 3239 quaestio
552 3167 615 3238 est,
640 3183 657 3221 a
688 3161 867 3241 quibusdam
899 3169 1026 3241 putatur
1053 3162 1090 3223 de
1123 3182 1180 3240 quo
1204 3162 1324 3223 'Pullius

256 3301 285 3338 ²2
297 3296 379 3366 sicut]
399 3298 446 3351 sic.

254 3365 298 3434 25]
315 3365 404 3419 litera.

277 3491 288 3528 7
320 3487 376 3554 vgl.
396 3489 464 3540 oben
484 3505 518 3540 zu
535 3486 576 3550 21,
596 3487 620 3540 8.

257 3560 285 3597 12
318 3556 366 3608 der
385 3555 487 3610 ‘minor'
507 3555 583 3609 steht
600 3555 643 3608 bei
661 3555 728 3619 Keil,
757 3571 872 3621 gramm.
895 3555 950 3619 lat,
979 3555 1027 3608 Bd.
1046 3556 1070 3620 4,
1098 3555 1123 3609 S.
1144 3555 1193 3609 355
1211 3556 1248 3622 ff,
1278 3556 1326 3610 der

187 3624 291 3678 ‘maior’
311 3625 414 3678 abendo
433 3624 458 3678 S.
479 3625 528 3679 367
546 3625 573 3678 ff.

258 3697 287 3735 15
320 3694 375 3760 vgl.
395 3695 463 3748 oben
481 3712 515 3747 zu
533 3694 574 3758 21,
597 3693 640 3756 10;
659 3692 700 3756 28,
722 3692 760 3746 19.

257 3767 286 3804 19
319 3780 340 3816 e.
361 3765 427 3816 oben
447 3780 481 3816 zu
499 3763 539 3827 30,
559 3763 600 3816 29.

256 3835 286 3873 23
319 3832 384 3886 ordo
403 3833 613 3886 studentium=
627 3829 705 3885 Stufe
725 3833 772 3886 des
791 3833 972 3888 Unterrichts.
1087 3891 1090 3898 Δ

257 3905 286 3942 27
320 3919 353 3954 zu
372 3901 439 3955 Cato
458 3919 480 3955 s.
499 3900 841 3966 Teuffel-Schwabe,
860 3910 927 3956 rdm.
946 3903 1132 3958 Lit.·Geaoh.4
1152 3905 1168 3972 5
1186 3905 1226 3969 24,
1246 3905 1262 3958 2
1283 3905 1311 3958 ff.

186 3967 320 4022 Huemers
333 3971 458 4038 ‚Verrede
477 3989 510 4024 zu
528 3971 624 4038 Hugos
642 3969 709 4038 Reg.
728 3971 755 4024 S.
776 3972 816 4025 10.

258 4038 300 4107 ²9]
319 4039 526 4110 Hieronym,
555 4039 632 4109 epist.
651 4040 691 4104 52,
717 4041 809 4108 Migne
828 4041 868 4105 22,
895 4041 961 4095 529:
989 4057 1036 4096 uec
1053 4043 1152 4094 mrssrum
1170 4059 1230 4097 cum
1245 4044 1327 4097 ettam

187 4106 254 4160 (luto
273 4109 416 4162 Censor-tas
433 4109 551 4163 Romani
575 4111 681 4178 pencris
706 4110 903 4163 disertissimos
925 4112 981 4164 lom
1005 4117 1030 4164 at
1054 4127 1134 4164 aenea
1151 4129 1266 4180 praeces
1284 4113 1327 4166 lit-

188 4177 379 4298 tleppappipcere
397 4194 445 4232 uec
463 4178 601 4231 erubuerit
619 4194 666 4232 uec
684 4179 881 4247 desperaverim
900 4181 980 4248 Hugo
1000 4181 1032 4234 de
1051 4179 1077 4234 S.
1096 4181 1216 4246 Victore,
1235 4182 1326 4250 Migne

258 4315 300 4384 ³1]
320 4315 362 4369 die
377 4317 465 4370 Citate
485 4315 620 4382 stimmen,
640 4318 794 4386 abgesehen
812 4335 868 4372 von
885 4317 1063 4385 belanglosen
1080 4319 1220 4374 kleineren
1238 4309 1327 4374 dude-

187 4400 292 4451 rungen
310 4387 393 4455 (prae
412 4385 517 4439 ceteris’
543 4388 613 4439 statt
632 4390 747 4456 ‘praeter
766 4388 890 4456 ceteros')
911 4405 943 4440 zu
964 4386 999 4440 Gi
1010 4405 1040 4452 e,
1064 4388 1136 4443 Lael.
1156 4391 1174 4455 1,
1195 4392 1211 4443 5
1228 4391 1282 4443 und
1301 4391 1326 4444 4.
