3316 5170
791 371 983 424 -4-

309 605 313 612 ,
380 535 543 618 Spirensis
566 535 734 612 dioecesis,
758 535 807 598 vir
829 536 861 604 iu
886 535 1001 600 divinis
1026 538 1196 619 scripturis
1219 540 1462 606 eruditissimus

380 648 412 705 et
428 640 461 704 in
474 639 696 704 saecularibus
709 639 828 703 litteris
840 639 934 704 valde
948 641 1083 721 peritus,
1097 643 1320 725 philosophus.
1333 644 1459 725 rhetor,

377 744 518 809 musicus
542 748 575 808 et
602 748 700 826 poeta
723 742 871 824 insignis,
896 744 955 808 sub
979 745 1107 809 nomine
1130 746 1301 828 Peregrini
1313 748 1335 828 ¹)
1357 749 1465 814 multa.

378 848 549 931 praeclara
581 846 764 927 composuit
788 846 959 928 opuscula,
982 847 1022 912 -in
1046 849 1162 930 quibus
1186 856 1303 915 ornata
1327 858 1459 917 senten·

375 955 495 1018 tiorum
519 951 691 1032 dispositio
716 955 749 1014 et
771 951 900 1016 venusti
924 955 1082 1018 sermonis
1107 954 1235 1020 cultura
1262 956 1342 1020 nulli
1366 964 1461 1021 vete-

375 1077 447 1122 rum
478 1055 667 1120 inferiorem
700 1073 793 1119 suum
822 1055 991 1120 declarant
1021 1063 1198 1122 auctorem.
1252 1061 1301 1124 lle
1332 1060 1383 1125 his
1416 1061 1461 1124 ad

375 1179 480 1226 meam
502 1159 651 1224 notitiam
675 1159 821 1223 subiecta
843 1164 970 1224 tantum
993 1168 1232 1242 pervenerunt:

444 1272 470 1329 1.
495 1281 577 1345 opus
613 1262 817 1344 dialogorum
855 1263 982 1345 insigne
1022 1265 1081 1331 sub
1120 1267 1248 1330 nomine
1286 1265 1463 1348 Peregrini

374 1367 604 1450 presbyteriet
616 1366 809 1431 Theodorae
828 1367 888 1432 deo
907 1374 1056 1433 sacratae
1067 1370 1201 1452 virginis
1217 1370 1304 1452 quod
1316 1388 1462 1451 praeno-

374 1473 457 1538 tavit
482 1470 658 1553 ‘speoulum
681 1469 863 1552 virginum’,

672 1574 749 1640 libri
772 1573 860 1654 VIII,
888 1573 1045 1642 Collaturo
1069 1585 1175 1653 tecum,
1200 1598 1217 1642 o
1245 1579 1420 1654 Theodoro,

441 1686 469 1745 2.
493 1681 525 1745 in
550 1678 719 1760 evangelia
742 1697 802 1760 per
825 1697 946 1744 annum

674 1781 729 1847 lib.
754 1783 780 1862 Ι,
808 1782 889 1864 Quia
911 1785 944 1844 ia
966 1785 1057 1846 litera
1079 1787 1189 1846 ueteris
1214 1788 1394 1860 testamenti,

440 1893 468 1954 3.
494 1888 534 1952 de
558 1887 624 1952 vita
649 1886 783 1968 spiritus
808 1892 841 1951 et
864 1886 972 1952 fructu
996 1888 1112 1952 mortis

674 1990 728 2055 lib.
753 1990 780 2069 I,
806 1990 883 2054 Cum
907 1993 1005 2054 omnis
1028 1993 1151 2054 diciano
1170 1992 1315 2074 pupione,

441 2101 470 2159 4.
495 2094 735 2159 matricularius

672 2198 727 2263 lib.
752 2198 777 2278 Ι,
804 2197 882 2261 Cum
905 2199 1102 2278 nrouisestum
1125 2201 1163 2260 sit
1181 2217 1271 2272 mun,

442 2309 469 2367 5.
494 2302 534 2366 de
557 2301 708 2366 laudibus
733 2301 763 2366 S.
788 2302 966 2381 Benedicti,
990 2301 1125 2366 metrice

673 2405 728 2471 lib.
752 2406 777 2485 I,
804 2405 885 2468 Luco
908 2406 990 2468 velot
1013 2407 1117 2482 solem,

442 2514 470 2574 6.
496 2509 663 2573 diascalon
689 2510 801 2586 <sic>

676 2613 730 2680 lib.
755 2613 780 2690 Ι,
808 2612 904 2694 Quia
927 2619 959 2676 te
980 2613 1096 2676 uideo
1121 2614 1186 2676 diu
1209 2635 1269 2688 uu,

443 2719 470 2780 7.
496 2717 536 2782 de
560 2718 683 2782 musica
707 2722 740 2782 et
762 2719 849 2784 tonis

673 2821 728 2886 lib.
752 2822 777 2902 Ι,
802 2821 923 2884 Musica
946 2829 989 2884 est
1010 2822 1177 2884 secondum
1201 2822 1368 2883 cuiusdam.

441 2925 491 2990 De
515 2926 634 2990 ceteris
658 2925 737 2989 nihil
760 2925 834 2990 vidi.
880 2925 955 2989 Fuit
986 2924 1068 2988 alius
1097 2924 1227 3006 quidam
1258 2924 1462 2992 declamator

377 3029 500 3094 ordinis
516 3030 789 3110 praedicatorum,
804 3029 859 3111 qui
874 3029 1051 3094 secundum
1069 3028 1299 3094 modernorum
1320 3046 1457 3092 cousue-

377 3133 522 3197 tudinem
557 3152 725 3198 sermones
758 3133 799 3198 ad
834 3133 989 3215 populum
1018 3133 1201 3214 composuit
1232 3131 1291 3197 sub
1326 3131 1460 3196 nomine

377 3236 548 3318 Peregrini
557 3237 588 3318 2),
617 3242 731 3302 nostro
763 3237 899 3302 multum
923 3237 1051 3319 eloquio
1081 3235 1216 3301 inferior
1247 3241 1280 3301 et
1307 3242 1460 3317 tempore

379 3359 507 3423 quoque
523 3341 698 3422 posterior.
745 3341 901 3423 Quicquid
919 3346 1027 3405 autem
1044 3339 1215 3405 Conradus
1236 3341 1299 3405 iste
1316 3339 1461 3421 scripsit,

378 3444 559 3509 Tullianam
589 3452 725 3510 resonat
748 3446 983 3528 eloquentiam,
1015 3445 1101 3527 quod
1130 3445 1214 3509 alter
1243 3463 1308 3509 non
1338 3443 1459 3525 potuit:

380 3549 505 3614 (llaruit
521 3551 580 3615 sub
597 3549 746 3615 Conrado
763 3551 962 3632 imperatore
977 3550 1087 3628 tertio,
1104 3568 1188 3614 anno
1205 3549 1324 3613 domini
1342 3552 1459 3612 1140.“’

401 3654 462 3718 Die
497 3653 635 3735 dbrigen
668 3655 847 3736 Zeugnisse
883 3654 940 3719 des
972 3653 1170 3718 Trithemius
1205 3652 1286 3717 iiber
1320 3651 1460 3716 Kourad

315 3757 421 3838 (catal.
463 3757 580 3822 illustr.
623 3758 681 3822 vir.
722 3757 851 3837 Germ,
895 3756 1112 3822 Franklurter
1149 3760 1249 3838 Ausg.
1292 3775 1320 3819 v.
1364 3760 1455 3831 1601,

405 3912 429 3980 1)
447 3912 503 3966 Des
521 3913 710 3982 Pseudonyms
728 3912 892 3979 Peregrinus
910 3912 1019 3965 bedient
1041 3911 1100 3966 sich
1117 3911 1279 3964 Vincentius
1302 3909 1461 3963 Lerinensis

315 3997 416 4068 (Ehem,
436 3999 487 4052 Lit.
506 3999 555 4052 des
568 3999 744 4053 Mittelalters
754 3999 773 4063 I,
792 3999 866 4066 445);
887 3997 957 4052 auch
975 3999 1023 4051 der
1040 3998 1197 4051 Bearbeiter
1215 4015 1268 4050 von
1286 3995 1460 4050 Priscillians

315 4101 434 4138 canones
451 4090 537 4138 neunt
554 4084 614 4138 sich
631 4085 801 4152 Peregrinus.

404 4172 429 4240 2)
447 4171 497 4224 Die
515 4172 662 4240 Predigten
688 4172 777 4225 dieses
800 4171 934 4241 jitngeren
951 4171 1114 4238 Peregrinus
1133 4171 1205 4235 sind,
1231 4170 1282 4224 wie
1305 4169 1347 4222 die
1366 4167 1457 4222 Hand-

315 4257 576 4325 schriftenkataloge
594 4258 678 4312 leicht
690 4258 856 4324 ausweisen,
884 4259 913 4312 in
932 4257 994 4311 sehr
1013 4257 1184 4312 zahlreichen
1198 4257 1379 4326 Exemplaren
1397 4271 1457 4307 ver·

315 4348 412 4398 treton.
