3316 5170
677 429 888 486 ..37-

211 599 334 660 miseria
357 599 507 676 processit
530 619 566 657 ex
588 598 715 670 femina;
739 596 868 658 secundo
891 617 964 658 vero
987 597 1080 656 falsas
1105 597 1229 656 humani
1253 596 1352 658 cordis

212 687 343 748 irridens
360 686 495 746 insanias
510 685 647 746 limacem
668 685 777 764 posuit,
801 684 854 762 qui
869 683 1000 745 tardiori
1018 690 1128 744 natura
1146 704 1200 743 sua
1215 687 1353 762 pertesus

213 773 314 853 precio
344 793 397 833 suo
420 773 599 834 sublimiora
621 772 729 852 petiit,
753 771 805 832 sed
828 791 898 832 mox
919 773 985 832 voti
1008 771 1148 849 penituit,
1172 771 1244 848 quia
1266 771 1354 830 ruina

212 859 488 940 praesumptionem
511 858 764 938 recompensavit.
803 857 871 930 Qua
892 856 1035 918 nimirum
1057 857 1260 918 similitudine
1283 857 1354 934 quid

213 947 296 1008 aliud
319 947 451 1008 ostendit
471 946 531 1006 nisi
560 945 804 1025 praesumptivos
836 945 987 1006 hominum
1019 965 1129 1017 mores,
1157 945 1209 1021 qui
1232 943 1379 1004 minimas
1452 944 1455 948 '

212 1034 336 1113 propria
364 1038 476 1094 natura
498 1035 635 1094 contenti
656 1033 812 1110 legitimos
834 1038 962 1094 naturae
983 1031 1128 1092 terminon
1144 1031 1227 1091 ultra
1242 1051 1273 1090 ne
1288 1051 1356 1109 pro·

212 1120 376 1198 gradiendo
399 1120 548 1182 excedunt
569 1128 599 1182 et
621 1140 739 1198 semper
761 1118 829 1204 plus
853 1140 941 1197 quam
959 1124 1086 1198 possunt
1100 1117 1226 1179 volunt?
1249 1118 1356 1179 Nonne

211 1214 243 1267 et
265 1207 301 1268 de
325 1208 372 1267 his
396 1207 566 1284 apostolus:
598 1208 637 1268 ‘in
658 1206 849 1278 novissimis,
872 1206 980 1284 iuquit,
1004 1205 1191 1284 temporibus
1216 1211 1355 1282 tempora

212 1295 382 1372 periculosa
412 1293 496 1355 stell
548 1296 643 1356 Porro
680 1293 880 1352 materiam
911 1294 1027 1354 Aviani
1057 1293 1177 1352 fabulas
1200 1293 1282 1371 ipsas
1309 1291 1354 1351 in·

211 1381 343 1460 tellege,
372 1401 446 1458 quas
478 1380 622 1442 ordinans
649 1385 680 1442 et
703 1399 867 1457 exsequens
894 1386 991 1442 metro
1019 1384 1210 1459 pentametro
1233 1386 1264 1440 et
1287 1388 1390 1438 exa-1⁰

213 1473 309 1528 metro
338 1467 478 1545 prodesse
505 1468 605 1529 voluit
637 1467 670 1527 in
707 1472 836 1544 utroque
867 1468 979 1546 puerili
1006 1467 1116 1529 studio.
1168 1463 1355 1527 Intendit

213 1558 313 1615 autern
330 1555 535 1631 ignorantiam
556 1561 587 1615 et
605 1553 773 1615 stulticiam
790 1556 956 1616 errantium
979 1554 1148 1615 describere
1165 1553 1267 1630 sicque
1287 1572 1355 1614 oon·

211 1640 370 1703 scientiam
387 1641 506 1703 deviam
521 1663 575 1720 per
591 1644 644 1702 has
665 1640 881 1702 similitudines
896 1641 936 1701 ad
957 1646 1070 1702 statum
1086 1641 1217 1718 aliquem
1239 1659 1354 1700 morum

212 1731 358 1789 bonorum
371 1748 547 1805 provocare.
581 1729 673 1790 Visne
697 1729 869 1788 fructum
893 1728 1056 1789 finalem
1080 1749 1116 1789 ex
1138 1729 1266 1789 lectione
1291 1727 1355 1786 eius

214 1813 399 1893 agnoscere?
1365 1821 1390 1863 15

299 1902 339 1962 Ι).
361 1900 471 1962 Audin.

299 1989 341 2048 Μ.
364 1988 432 2050 Nou
454 1988 582 2048 multum
606 1992 637 2046 te
661 1987 765 2048 credas
788 1987 925 2048 femineis
949 1987 1143 2067 iuramentis,
1167 1985 1296 2047 maxime
1318 1985 1356 2045 de

212 2073 321 2136 damno
344 2073 462 2137 fructus
485 2074 602 2136 ventris
625 2074 688 2152 sui3
718 2109 758 2120 —-
782 2079 940 2136 contentus
966 2081 1030 2135 esto
1054 2079 1182 2134 naturae
1205 2071 1355 2152 propriae,

213 2182 257 2236 ne,
280 2161 308 2222 si
330 2162 415 2224 ultra
437 2168 467 2222 tc
490 2162 571 2233 ieris,
595 2160 688 2220 tollat
710 2161 919 2242 praesumptio
942 2161 1021 2240 quod
1046 2161 1178 2222 contulit
1204 2159 1355 2220 naturalis

212 2249 316 2326 orig0;
341 2282 379 2293 -
398 2248 477 2327 quod
494 2269 595 2310 moues
611 2248 660 2309 vel
676 2247 774 2324 doces,
797 2249 882 2327 prius
898 2249 962 2309 tuis
979 2249 1120 2326 operibus
1137 2265 1300 2325 exequere3
1314 2282 1354 2290 —
1366 2253 1393 2294 20

212 2335 364 2396 interdum
378 2336 476 2412 magis
489 2340 554 2395 arte
568 2355 657 2413 quarn
669 2335 787 2396 viribus
799 2340 899 2409 ntere;
922 2337 1119 2398 -honorem
1132 2336 1264 2396 alienum
1284 2332 1355 2393 tibi-

213 2441 271 2498 que
295 2421 463 2482 indebitum
488 2422 552 2482 noli
574 2441 732 2500 usurpare;
756 2459 797 2467 -
822 2423 901 2500 quod
923 2423 1023 2484 nescis
1046 2444 1100 2485 nec
1123 2424 1154 2484 in
1177 2427 1207 2481 te
1230 2420 1355 2500 poteris,

214 2527 274 2567 nou
306 2508 396 2568 facile
424 2509 640 2585 praestandum
670 2509 761 2569 alteri
792 2509 983 2588 promiseris;
1007 2547 1049 2554 -—
1077 2510 1156 2588 quod
1188 2508 1357 2586 imponitur

213 2594 274 2654 tibi
293 2614 347 2673 pro
363 2593 497 2670 crimine,
521 2595 623 2655 datum
648 2616 708 2657 non
730 2596 851 2658 estimes
873 2617 928 2674 pro
953 2597 1080 2671 honore,
1105 2631 1145 2643 -
1169 2602 1200 2657 et
1222 2595 1255 2654 in
1277 2594 1356 2655 hune

214 2680 333 2742 modum
357 2681 394 2742 de
416 2681 546 2761 singulis
570 2681 683 2743 fabulis
705 2683 744 2743 ed
767 2703 880 2744 morum
907 2683 993 2745 finem
1017 2683 1126 2744 relatis
1150 2682 1265 2761 poteris
1289 2685 1391 2742 con-25

215 2768 340 2845 iactare,
372 2768 404 2827 in
432 2769 541 2846 quibus
564 2773 671 2842 auctor
693 2769 892 2848 scriptionum
921 2791 1041 2831 suerum
1072 2791 1193 2832 sensum
1221 2775 1252 2831 et
1279 2768 1357 2830 fruc·

213 2860 278 2915 tum
301 2855 401 2915 voluit
424 2855 640 2920 demonstrare.
675 2857 813 2936 Denique
844 2857 987 2935 quicquid
1015 2858 1047 2918 in
1079 2857 1211 2937 singulis
1242 2855 1356 2916 fabulis

213 2942 389 3003 intenderat
411 2948 464 3004 aut
485 2952 554 3023 post
577 2945 696 3005 finitam
720 2950 774 3004 aut
796 2951 867 3005 ante
888 2944 1041 3023 inceptam
1064 2945 1198 3006 fabulam
1222 2943 1357 3005 breviter

214 3029 368 3090 edocebat.

250 3116 340 3261 ἩΙ).
363 3116 439 3188 Quis
467 3116 518 3176 vel
548 3137 606 3194 quo
636 3125 772 3196 ternpore
801 3119 911 3198 fuerit,
938 3117 1084 3196 numquid
1121 3123 1258 3196 apertum
1296 3136 1356 3178 non

214 3222 259 3262 err

304 3387 449 3457 7p0ssunt]
469 3389 582 3457 possint.

214 3513 308 3521 ——a-—-
476 3515 527 3520 .—

302 3578 328 3647 2]
347 3579 458 3632 Konrad
476 3578 646 3632 verwandelt
655 3578 760 3630 Avians
771 3577 941 3631 Schildkrbte
955 3578 1087 3648 (testudo)
1106 3579 1134 3631 in
1147 3579 1205 3630 eine
1217 3576 1356 3630 Sohueeke

214 3648 329 3717 (limax).
1021 3647 1022 3650 ’

303 3722 315 3760 8
348 3715 404 3783 vgl.
422 3715 456 3768 ll.
475 3715 593 3769 Timoth.
613 3715 636 3779 3,
657 3716 678 3769 l.
1323 3727 1325 3732 '

304 3790 316 3828 9
348 3785 381 3838 Τ1
400 3785 434 3837 T²
453 3784 527 3837 Vat.
551 3784 621 3838 Pal.
641 3785 706 3837 242:
731 3784 847 3838 materia
867 3784 994 3854 (Auiani)
1020 3790 1083 3838 sunt
1104 3785 1181 3852 ipsae
1202 3783 1314 3848 sotadeo
1332 3790 1357 3838 et

214 3869 349 3908 conrnune
364 3853 518 3922 proficuam
537 3853 691 3920 olleporiae.

288 3923 398 3992 17—25]
417 3923 459 3976 die
478 3922 570 3976 sieben
588 3940 642 3975 von
660 3923 712 3975 mir
730 3923 814 3976 durch
833 3922 1084 3976 Gedankenstriohe
1107 3925 1268 3989 getrennten
1287 3922 1357 3975 Kola

215 3994 304 4046 bieten
323 3993 365 4046 die
383 3991 472 4045 Moral
490 3992 538 4044 der
557 3991 649 4045 sieben
667 3995 759 4045 ersten
777 3992 878 4045 Fabeln
897 3991 1052 4045 desAvian.
1097 3991 1208 4045 Konrad
1228 3990 1357 4044 sehliesst

215 4062 274 4115 sich
283 4061 377 4126 hierin,
397 4078 477 4114 wenn
486 4061 555 4114 auch
566 4061 698 4114 unweilen
711 4060 816 4126 gleiehe
826 4060 987 4114 Ausdrbeke
997 4061 1182 4126 vorkommen‚
1202 4060 1270 4114 doeh
1281 4059 1357 4113 nieht

215 4148 298 4198 enger
317 4149 352 4184 an
370 4130 404 4183 Τι
423 4130 457 4183 Τ2
478 4130 550 4199 (vat.
569 4129 626 4183 Pal.
646 4130 707 4198 242)
728 4147 770 4190 an,
789 4129 818 4182 in
835 4130 959 4183 walchen
977 4147 1011 4182 zu
1029 4130 1191 4183 samtliohen
1207 4131 1242 4182 42
1255 4129 1357 4182 Fabeln

215 4200 350 4268 derartige
368 4200 452 4252 knrze
470 4198 700 4266 Inhaltsangaben
718 4199 845 4253 erbracht
862 4200 982 4262 werden;
1002 4217 1035 4251 zu
1053 4199 1135 4252 Fabel
1156 4200 1168 4253 l
1187 4199 1237 4252 hat
1255 4199 1288 4252 Τ1
1307 4199 1356 4251 T²:

214 4271 258 4323 bic
276 4271 408 4334 bortatur,
427 4284 460 4321 ne
477 4274 571 4321 temere
589 4268 730 4322 credamus
748 4269 820 4320 omni
827 4268 1006 4338 promittenti,
1024 4285 1057 4321 nc
1070 4268 1218 4338 dampnum
1231 4268 1358 4322 incur-ra-

212 4344 321 4393 anneot
339 4339 419 4406 lapus
437 4336 563 4391 saductus
582 4337 727 4402 asennaa.

287 4405 478 4474 1800ntentns]
497 4407 551 4474 vgl.
571 4407 640 4460 oben
658 4406 684 4459 Z.
704 4407 727 4470 6,
748 4406 816 4459 doch
834 4423 856 4460 s.
875 4407 916 4469 36,
936 4406 976 4459 21.
