3316 5170
640 381 856 436 ..61-

177 547 389 626 intelligebat;
418 545 549 606 secunda
571 567 663 606 causa
687 553 731 606 est
757 547 834 623 quod
859 547 906 608 vir
933 545 1188 624 prudentissimus
1217 545 1256 605 ad
1279 546 1324 606 in·

178 641 278 696 certos
305 634 519 712 temporalium
551 641 677 694 eventus
713 632 963 694 demonstrandos
994 633 1113 693 ratione
1145 633 1244 710 magis
1275 634 1324 693 uti

178 723 280 783 voluit
299 741 387 798 quam
410 721 633 798 scripturarum
652 721 849 796 auctoritate,
872 729 907 781 ut
925 720 973 780 vel
995 720 1059 780 sola
1080 719 1200 780 ratione
1219 720 1323 781 mundi

178 814 387 888 contemptum
410 805 616 886 persuaderet,
640 807 691 885 qui
716 813 788 866 tuno
814 806 961 886 temporis
982 805 1060 867 nihil
1084 827 1120 866 ex
1136 807 1323 868 auctoritate

178 896 285 956 divina
315 916 352 954 ex
379 914 523 972 perverso
553 895 721 973 interprete
751 896 801 954 vel
832 895 948 954 lectore
976 895 1145 972 perficeret.
1200 895 1242 954 Et
1266 891 1345 955 hocf>
1374 888 1438 985 3¹¹3}

181 984 241 1043 tibi
264 982 430 1043 notandum
455 981 534 1058 quod
558 981 635 1040 liber
658 981 717 1040 iste
741 981 821 1042 siout
844 981 876 1040 ia
894 980 1082 1058 argumentis
1106 981 1167 1040 suis
1187 980 1323 1058 ingenio-

177 1071 315 1130 sissimos
338 1069 465 1129 lectores
486 1074 516 1127 et
538 1067 676 1128 doctores
697 1069 854 1140 sollicitat,
878 1068 921 1128 sic
944 1072 974 1126 et
993 1067 1159 1127 minoribus
1177 1073 1208 1127 et
1224 1067 1322 1127 minus

180 1158 342 1236 capacibus
373 1154 497 1232 ingenio
530 1170 561 1214 se
585 1162 722 1232 coaptat,
756 1161 792 1214 ut
822 1155 911 1216 fortis
943 1156 998 1214 sub
1026 1153 1108 1216 fasce
1136 1154 1263 1215 desudet
1292 1163 1323 1214 et

180 1244 303 1322 fragilis
334 1244 389 1302 sub
423 1262 512 1302 onere
542 1241 688 1302 cervicem
719 1262 778 1303 non
815 1242 943 1302 inclinet
969 1241 1057 1300 iuxta
1085 1241 1163 1301 illud
1196 1242 1323 1320 vulgare

179 1331 375 1410 proverbium
395 1330 455 1389 ‘ubi
477 1349 574 1405 agnus
587 1330 724 1390 ambulat
743 1334 775 1388 et
795 1329 939 1407 elephans
959 1329 1063 1390 natat’.
1101 1329 1222 1408 Septem
1243 1328 1322 1390 enim
1333 1342 1359 1384 10

180 1420 292 1478 artium
316 1417 489 1476 liberalium
509 1415 688 1494 disciplinas
712 1415 822 1476 ceteris
844 1415 1010 1495 perfectius
1033 1420 1141 1475 auctor
1165 1417 1222 1476 iste
1245 1436 1322 1476 ccm-

179 1504 382 1582 prehcnderat
414 1501 540 1579 ideoque
567 1502 705 1563 liberiori
733 1503 835 1562 studio
865 1503 985 1562 literam
1009 1503 1244 1576 suaelectionis
1267 1521 1323 1581 pro

180 1591 348 1670 capacitate
372 1590 536 1649 cuiuslibet
558 1589 768 1668 philosophiae
791 1590 929 1650 studioso
949 1589 1122 1649 exhibebat.
1157 1590 1220 1650 Ubi
1243 1590 1323 1649 enim

178 1679 340 1758 scriptoris
363 1695 558 1756 progressum
572 1676 710 1736 altiorem
734 1676 853 1737 tardius
875 1676 1032 1754 ingenium
1055 1676 1179 1736 lectoris
1194 1676 1324 1750 invenit,

180 1785 251 1844 sepe
281 1764 456 1825 dictaminis
490 1762 562 1822 ordo
596 1763 763 1822 docendum
794 1765 831 1824 ab
864 1763 938 1843 ipsis
977 1762 1089 1822 studiis
1120 1763 1183 1822 suis
1211 1763 1360 1825 avertitlb

182 1858 212 1910 et
235 1852 375 1911 retrahit.
406 1851 472 1908 Aut
492 1849 570 1908 enim
593 1869 667 1928 opus
683 1851 749 1910 leve
764 1850 939 1910 rusticitate
962 1871 1017 1910 sua
1031 1849 1180 1926 legentem
1197 1850 1326 1910 offendit

181 1944 235 1998 aut
257 1940 284 1998 si
307 1939 515 1997 urbanitatem
539 1937 662 2011 afferat,
694 1957 764 2016 sepe
795 1937 944 1998 tortuosis
967 1936 1169 1997 amfractibus
1193 1937 1325 1998 obscuri-

180 2031 277 2087 tatem
289 2024 429 2086 lectionis
443 2029 587 2085 ostentat.
622 2023 681 2083 Sed
701 2025 835 2094 Boetius,
850 2024 929 2084 liber
945 2045 980 2084 ex
999 2023 1081 2084 omni
1097 2029 1196 2103 parte,
1216 2024 1325 2084 libera-

182 2112 262 2172 libus
286 2111 459 2190 disciplinis
482 2110 580 2170 libera
602 2110 709 2188 lingua
736 2131 857 2171 sensum
889 2131 1014 2190 gravem
1042 2118 1073 2171 ct
1096 2116 1236 2190 apertum
1257 2129 1325 2189 prc-

180 2199 285 2279 posuit
307 2199 339 2258 in
364 2198 458 2258 modo
473 2217 545 2257 suae
568 2198 708 2258 lectionis
733 2203 764 2258 et
786 2198 973 2260 dictaminis.
1335 2207 1361 2250 20

269 2285 308 2344 Ι).
332 2286 481 2362 Apertum
505 2284 624 2361 quidem
648 2289 679 2344 ct
702 2285 894 2347 studentibus
918 2290 1023 2363 aptum
1053 2284 1091 2343 ad
1113 2288 1234 2344 tantum
1258 2303 1326 2344 auo·

182 2380 278 2434 torem
301 2372 464 2432 introitum
488 2372 612 2449 parasti,
636 2371 688 2431 sed
706 2393 792 2432 nosse
810 2373 911 2446 velim,
935 2371 987 2432 ubi
1006 2371 1204 2432 novissimam
1220 2372 1325 2430 tubam

180 2479 291 2536 corpus
315 2459 379 2518 eius
402 2457 608 2518 suscitandum
632 2463 801 2537 exspectet,
835 2480 901 2520 cum
924 2457 960 2518 de
983 2459 1087 2537 requie
1110 2459 1238 2536 spiritus
1261 2457 1325 2517 eius

184 2546 286 2606 nullus
309 2546 438 2606 dubitet.

269 2634 312 2691 M.
335 2633 380 2692 Ut
403 2630 604 2692 veridicorum
627 2633 737 2693 relatio
761 2631 857 2703 docet,
880 2631 995 2709 Papiae
1018 2651 1111 2708 prope
1134 2631 1361 2710 sepulchruma

182 2719 353 2797 Augustini
377 2718 557 2797 Ippcnensis
581 2718 716 2796 episcopi
740 2724 771 2778 et
793 2719 858 2797 ipsc
882 2718 1018 2797 sepultus
1043 2723 1097 2790 est,
1123 2738 1210 2796 quem
1233 2717 1327 2778 etiam

184 2806 323 2866 imitatus
347 2805 483 2864 libellum
507 2805 543 2864 de
567 2810 673 2865 sancta
697 2806 840 2867 trinitate
864 2805 1041 2883 composuit,
1064 2805 1096 2863 in
1119 2826 1177 2884 quc
1201 2809 1232 2865 ct
1254 2804 1326 2864 fidei

181 2913 254 2952 suae
278 2900 309 2952 et
332 2891 449 2969 ingenii
472 2893 702 2970 profundissimi
725 2903 831 2971 aperta
847 2897 1028 2971 argumenta
1044 2891 1237 2953 monstravit.
1268 2891 1327 2952 Sed

184 2980 299 3041 dehoc
323 2990 447 3040 auctore
471 2979 548 3039 satis
572 2979 696 3041 dictum.

271 3065 310 3125 l).
334 3066 436 3144 Digna
464 3065 589 3144 dignum
612 3066 721 3126 Boetio
744 3067 900 3126 Lucanum
928 3065 1071 3144 admitte,
1105 3070 1139 3124 ut
1168 3065 1363 3125 studentesao

182 3153 361 3213 reficiantur
383 3152 541 3230 utriusque
566 3154 703 3213 lectione.

272 3305 297 3374 5]
316 3303 366 3357 lies
386 3303 566 3373 proficeret?
638 3303 751 3372 90nere]
772 3303 873 3356 honore
893 3303 920 3371 (h
939 3303 1055 3371 getilgt).
1129 3304 1170 3373 19]
1190 3321 1281 3357 sensu.

273 3463 325 3530 11]
345 3462 464 3532 Cyprian
481 3464 573 3516 wurde
591 3463 720 3530 getadclt,
740 3463 805 3516 dass
824 3480 853 3515 er
871 3461 931 3529 sich
947 3463 985 3515 im
998 3460 1114 3530 Kampfe
1133 3477 1220 3528 gagen
1230 3460 1327 3514 Deme·

183 3532 256 3584 brian
279 3548 331 3584 nur
356 3533 404 3585 auf
427 3533 469 3585 dio
493 3532 519 3585 h.
540 3532 653 3597 Schrift‚
673 3531 749 3585 nicht
773 3531 858 3594 auch,
883 3550 930 3584 um
955 3531 1006 3584 den
1024 3530 1132 3597 Gcgner
1155 3529 1205 3582 mit
1230 3529 1327 3582 dassen

184 3600 299 3722 cigplnon
316 3601 425 3654 Waffen
442 3620 476 3654 zu
495 3602 631 3724 seidagff'
652 3600 874 3723 sogpezdssnssischc
894 3600 1091 3654 Schriftsteller
1114 3599 1227 3652 berufen
1244 3597 1326 3662 habe;

185 3687 207 3722 s.
258 3687 356 3722 ieron
389 3688 502 3733 m.,e.,
557 3714 562 3732 ‚
612 3688 673 3723 inc
728 3713 733 3735 ,
805 3711 811 3722 .

273 3744 286 3779 4
320 3756 340 3791 e.
361 3689 401 3803 il,
422 3689 528 3803 163pb9‚
547 3741 588 3793 33.
621 3688 639 3738 g

272 3812 284 3849 9
317 3808 414 3874 Hugo
433 3826 459 3860 v.
478 3808 615 3872 Trimh,
639 3808 714 3874 Reg.‚
733 3807 817 3877 praef.
836 3807 869 3860 V.
888 3807 934 3859 25:
961 3805 1073 3859 allisio
1090 3805 1247 3874 premitibus
1265 3807 1327 3858 erla-

180 3877 247 3946 pler:
265 3882 344 3930 nutat
362 3879 531 3946 (cannosum
545 3877 615 3941 forte
633 3882 764 3944 accipitur·
782 3877 888 3943 elephas
905 3891 1075 3944 perraapaue.

255 3945 298 4014 20]
317 3946 398 3999 lectio
421 3970 448 3990 =
469 3946 561 4012 Prosa‚
582 3947 718 4000 dictamen
739 3969 768 3990 =
789 3945 911 4000 Gedicht.

255 4015 297 4084 25]
316 4015 346 4067 B.
366 4015 440 4068 vita
458 4016 497 4069 Vl
514 4017 555 4068 ed.
575 4015 669 4086 Peiper
686 4034 712 4085 p.
722 4015 839 4068 XXXV:
858 4011 1208 4076 lionorificetamalotuseet
1221 4014 1327 4082 Papiae

185 4085 214 4135 in
234 4085 325 4153 cripta
343 4085 475 4138 ccclesiae.

256 4153 428 4222 ammiratus]
448 4153 566 4207 Boeth.
587 4155 618 4206 de
636 4153 766 4216 trinitate,
787 4153 872 4223 praef.
891 4153 926 4222 (p.
947 4151 1003 4213 150,
1022 4151 1056 4204 30
1073 4151 1147 4222 Pp.):
1166 4153 1276 4206 bobien
1288 4154 1327 4205 ia-

181 4223 352 4290 spicr'eaclam
372 4229 421 4283 est,
445 4241 479 4275 aa
499 4238 532 4275 aa
551 4224 622 4276 beati
641 4223 792 4288 Aapustiac
810 4223 922 4290 scriptis
940 4221 1042 4273 sentina
1060 4223 1196 4274 rationator
1222 4223 1328 4291 aliquos

182 4291 215 4343 ia
233 4308 286 4405 aps9
299 4292 558 4430 oepa'pfitr'ta]sr·rrctlps
576 4293 732 4415 appulpga'ut.

257 4371 347 4415 'sa.
395 4379 571 4414 ascen
624 4403 691 4426 ‚.
