3316 5170
757 393 967 446 ..42-

292 581 450 640 cognosce,
475 561 747 622 intentionem
779 579 852 620 vero
883 558 945 620 eius
978 559 1050 620 filiis
1078 559 1221 620 ecclesiae
1254 559 1437 619 literatoriis

293 649 402 709 studiis
423 649 593 708 imbuendis
617 667 734 707 sensum
758 644 954 724 evangelicae
976 647 1085 713 literae
1108 649 1238 725 primum
1262 646 1383 707 tradere
1406 653 1438 706 et

293 737 336 796 sic
359 756 377 796 a
400 735 529 813 poeticis
552 733 633 795 ludis
656 743 686 794 et
708 734 863 811 figmentis
887 734 1004 793 animos
1028 755 1129 794 eorum
1144 753 1295 795 revocare.
1328 733 1436 792 Fruc-

293 831 352 882 tus
377 821 522 881 finalis
546 821 579 881 in
602 821 658 880 hcc
682 840 772 898 opere
794 819 867 881 fides
891 828 938 880 est
961 829 992 881 et
1014 841 1084 898 spes
1101 821 1278 898 legentium,
1301 825 1337 879 ut
1356 818 1435 896 qnod

271 909 352 968 sfide
374 909 554 980 didicerint,
584 927 636 985 spe
670 913 837 983 sequantur
858 905 985 967 vitando
1015 907 1198 985 perfidorum
1229 906 1375 967 indicium
1407 914 1438 967 et

294 997 440 1058 bonorum
462 993 611 1055 imitando
633 994 786 1064 meritum,
809 999 845 1053 ut
866 1000 1089 1070 consequantur
1112 1001 1143 1052 et
1156 995 1334 1072 praemium.
1362 993 1437 1052 Fuit

294 1091 403 1143 auctor
421 1082 500 1142 idem
527 1082 715 1159 temporibus
746 1079 943 1141 Constantini
969 1081 1134 1158 principis,
1170 1079 1329 1158 Hispanus
1357 1079 1437 1139 idem

294 1175 324 1229 et
346 1168 530 1230 nobilissimi
547 1167 677 1246 generis,
700 1168 864 1227 exametris
880 1167 1018 1227 versibus
1035 1173 1166 1244 quatuor
1180 1169 1275 1228 libros
1296 1168 1332 1228 de
1349 1185 1437 1226 evan·

294 1257 383 1334 galiis
415 1276 490 1335 pene
519 1256 644 1315 verbum
672 1254 710 1313 ad
733 1255 856 1315 verbum
887 1254 1075 1314 transferens
1104 1261 1134 1312 et
1163 1256 1310 1316 nonnulla
1334 1253 1437 1315 eodem
1529 1251 1533 1256 ’

259 1356 285 1398 10
295 1349 390 1403 metro
414 1342 451 1402 ad
475 1349 732 1402 sacramentorum
756 1340 894 1402 ordinem
918 1341 1115 1418 pertinentia.

379 1430 419 1489 l).
441 1429 529 1489 Licet
562 1428 666 1487 horum
691 1426 809 1488 Sedulii
837 1433 867 1488 et
891 1427 1019 1488 quenci
1047 1436 1204 1488 auctorum
1229 1426 1374 1506 opuscula
1401 1446 1438 1485 ex

294 1515 427 1593 simplici
450 1516 541 1576 litera
563 1515 735 1593 profuerint
757 1515 895 1592 parvulis
918 1515 1069 1584 ecclesiae,
1093 1516 1125 1572 in
1146 1515 1312 1574 maioribus
1335 1523 1436 1572 tamen

294 1622 396 1662 eorum
421 1603 532 1662 studiis
556 1602 648 1661 etiam
673 1601 803 1661 maiores
827 1622 859 1662 se
881 1601 987 1660 valent
1010 1621 1158 1663 exercere.

380 1687 487 1761 Super
507 1688 722 1760 prosperum.
745 1690 789 1748 M.
836 1690 967 1765 Prosper
1001 1695 1032 1748 et
1058 1683 1124 1765 ipse
1147 1687 1272 1747 divinus
1298 1691 1329 1747 et
1356 1691 1438 1748 recte

258 1791 284 1832 15
295 1776 464 1836 catholicus
492 1777 524 1835 in
556 1778 743 1835 tractatibus
777 1781 950 1835 sanctorum
982 1782 1104 1852 patrum
1135 1774 1378 1835 studiosissimus
1409 1780 1438 1833 et

294 1862 440 1923 facundus
463 1862 575 1922 librum
600 1882 686 1921 suum
710 1862 746 1921 de
769 1862 895 1922 floribus
917 1862 998 1921 idest
1021 1862 1057 1923 ds
1080 1863 1243 1922 sententiis
1267 1860 1437 1939 Augustini

294 1949 498 2027 undecumque
522 1949 658 2010 collectis
682 1948 847 2009 ordinavit.
876 1948 936 2021 Qui
959 1968 1082 2009 currens
1105 1949 1216 2026 impari
1240 1956 1335 2008 metro
1358 1948 1438 2008 idest

294 2045 449 2096 exametro
473 2044 503 2096 ct
526 2041 718 2114 pentametro
742 2036 894 2112 geminum
918 2036 1086 2096 scolaribus
1109 2035 1281 2114 tyrunculis
1305 2035 1437 2096 fructum

294 2121 433 2195 contulit,
457 2143 548 2200 prosa
575 2123 623 2182 vel
647 2128 758 2194 metro,
782 2128 817 2181 nt
840 2122 959 2182 alterna
982 2123 1143 2183 succedens
1170 2121 1352 2182 vicissitudo
1382 2122 1438 2182 lec·

258 2223 284 2266 20
293 2210 388 2269 tionis
421 2210 558 2286 legentes
581 2209 718 2269 reficeret
748 2216 780 2268 et
808 2209 922 2268 tedium
959 2217 1120 2271 amoveret.
1173 2209 1307 2270 Vocavit
1338 2213 1436 2268 autem

293 2297 378 2373 ipsas
399 2293 437 2354 ab
455 2297 630 2374 Augustino
651 2297 795 2356 collectas
812 2295 980 2357 sententias
1000 2297 1221 2374 epigrammata
1242 2296 1323 2356 idest
1337 2315 1439 2373 super·

294 2383 476 2460 scriptiones
500 2383 635 2460 eoquod
659 2402 760 2442 earum
783 2402 901 2442 sensum
925 2392 1102 2459 sequeretur
1132 2384 1273 2443 metricus
1297 2383 1438 2454 calamna,

294 2469 391 2531 auctis
404 2469 556 2530 interdurn
572 2470 747 2547 praemissis
760 2471 923 2529 sententiis
940 2471 1039 2547 magis
1055 2490 1143 2547 quam
1159 2469 1293 2540 minutis,
1309 2469 1438 2530 adiectis

295 2578 331 2617 ex
358 2557 482 2634 proprio
517 2577 607 2616 sensu
637 2555 754 2617 crebris
777 2556 1053 2619 exhortationibus.
1103 2555 1307 2618 Considerans
1338 2564 1438 2618 autem

259 2655 396 2703 acrarum
426 2651 655 2721 temporumque
685 2643 871 2704 mutationes
898 2645 1064 2703 clausulam
1096 2645 1180 2721 operi
1203 2665 1257 2704 suo
1280 2644 1439 2704 mundanis

181 2729 498 2806 Bratttehumanisque
521 2731 653 2790 miseriis
670 2731 823 2790 enarratis
844 2730 927 2800 fecit,
949 2731 1052 2808 sicque
1075 2751 1167 2791 uxore
1190 2731 1239 2790 vel
1263 2733 1371 2814 relbus
1394 2751 1439 2790 re·

296 2816 447 2877 nuntiatis
464 2816 612 2895 reliquum
629 2817 715 2877 vitae
737 2837 808 2876 suae
830 2822 949 2895 tempus
972 2818 1004 2877 in
1026 2818 1141 2879 sanctis
1158 2819 1301 2895 operibus
1324 2819 1437 2896 exegit.

381 2903 420 2962 l).
444 2903 600 2975 Quaenam
624 2903 714 2963 huius
738 2903 839 2982 operis
863 2905 1012 2965 material

383 2991 423 3049 M.
446 2991 654 3050 Materiam
678 2991 822 3068 Prosperi
853 2991 944 3051 facile
981 2996 1028 3051 est
1060 2990 1158 3051 cuivis
1196 2990 1373 3065 advertere;
1403 2991 1439 3050 de

258 3075 457 3137 assentantiis
490 3077 568 3136 enim
599 3077 770 3153 Augustini
801 3079 888 3154 quasi
920 3079 956 3138 de
986 3077 1112 3139 floribus
1147 3079 1266 3155 accepit
1295 3079 1361 3138 stili
1392 3079 1439 3137 sui

294 3165 460 3235 materiam,
485 3165 594 3240 quibus
610 3164 727 3223 vicaria
751 3164 920 3225 mutatione
935 3165 983 3224 vel
1003 3166 1151 3226 relatione
1167 3165 1342 3226 coniunctis
1363 3185 1439 3224 com·

293 3250 397 3327 posuit
429 3250 541 3310 librum
572 3271 657 3310 suum
688 3252 777 3328 quasi
804 3251 839 3310 de
871 3251 1005 3312 flosculis
1030 3253 1126 3312 variis
1154 3271 1264 3313 nexam
1287 3272 1439 3313 coronam.

295 3336 384 3396 Sicut
406 3337 486 3396 enim
503 3335 611 3398 florum
624 3338 774 3397 varietate
797 3358 922 3415 campus
945 3338 1121 3406 adornatur,
1146 3339 1190 3400 sic
1211 3359 1294 3398 mens
1318 3340 1439 3417 sapiens

292 3425 513 3501 scripturarum
545 3423 744 3484 meditatione
774 3426 977 3503 componitur,
1024 3446 1082 3502 qna
1113 3426 1332 3502 compositione
1343 3425 1439 3488 mihil

380 3596 431 3646 9et
448 3592 589 3661 nonnulla]
609 3593 657 3646 sed
675 3594 813 3648 nonnulla.
870 3595 912 3664 26]
931 3595 1017 3649 uxori.
1090 3596 1133 3664 29]
1152 3597 1274 3650 materia.

381 3749 475 3817 6—10]
495 3747 568 3802 diese
581 3748 713 3814 Angaben
727 3749 787 3802 sind
800 3749 1059 3819 ausHiercnym.,
1078 3750 1128 3804 vir.
1146 3751 1184 3804 ill.
1203 3751 1236 3804 84
1254 3754 1438 3805 entnommen.

364 3817 406 3886 16]
426 3817 460 3870 Τ1
478 3816 526 3870 T2:
546 3817 643 3870 deinde
658 3819 751 3882 fuctus
769 3820 923 3887 Auqustini
948 3819 1102 3889 discipulus
1124 3821 1173 3873 boc
1197 3836 1265 3888 opus
1290 3823 1440 3890 corrrposuit

293 3901 327 3939 erc
346 3885 463 3939 diversis
481 3887 622 3940 sententiis
641 3887 727 3941 illius.

364 3956 406 4023 2⁰]
425 3955 482 4022 vgl.
501 3956 570 4009 oben
589 3955 629 4018 33,
649 3956 690 4009 21.

364 4029 393 4066 26
406 4024 501 4093 uxore]
521 4042 551 4078 es
569 4024 677 4078 bezieht
696 4023 755 4077 sich
774 4023 832 4077 dies
850 4024 922 4077 wohl
936 4026 985 4078 auf
993 4026 1036 4078 ein
1049 4026 1086 4078 im
1096 4026 1258 4080 Mittclalter
1270 4027 1334 4080 sehr
1345 4027 1439 4095 hdufig

293 4092 536 4158 abgesclrriebenes
555 4093 669 4147 Gedioht
687 4093 833 4163 Prospers,
861 4093 953 4160 Migne
972 4096 1019 4156 51,
1044 4097 1093 4148 611
1113 4097 1153 4149 ff.:
1178 4103 1237 4165 Ape
1263 4098 1320 4150 ium
1340 4113 1439 4166 precor

292 4169 426 4214 circorum
440 4179 523 4215 cerices
542 4162 670 4216 irremota
688 4179 777 4216 rerum
796 4179 818 4216 e.
834 4180 858 4230 q.
871 4185 909 4224 8.,-
937 4163 1031 4216 hienrit
1049 4164 1086 4217 ist
1105 4164 1147 4218 die
1165 4183 1219 4219 von
1230 4166 1337 4230 Stblzle,
1357 4166 1438 4220 Kath.

294 4231 368 4296 1888,
389 4230 415 4284 S.
433 4231 485 4284 408
504 4233 683 4298 augedeutete
702 4231 802 4302 Aporie
820 4231 950 4285 behoben.

364 4299 405 4368 2⁰]
425 4300 459 4351 Τ1
477 4299 524 4353 T2:
544 4307 583 4353 cet
600 4303 716 4354 tracter-io
734 4318 785 4354 suo
803 4303 899 4356 coriae
918 4302 1072 4370 Auqastinc'
1090 4305 1237 4356 sententiae
1255 4304 1285 4356 ia
1304 4304 1352 4357 hoc
1370 4305 1439 4357 libro

293 4367 477 4439 corrependiosc
496 4370 666 4438 corrrpositoe.
