3316 5170
695 416 907 470 ..41-

221 585 344 647 cludens
369 586 401 646 in
422 589 647 647 resurrectione
661 589 692 645 et
704 585 879 647 ascensione
894 585 1025 657 domini;
1049 585 1174 664 scripsit
1193 591 1223 646 et
1246 606 1366 648 carmen

221 673 384 734 exametris
407 678 439 733 et
460 672 625 751 reciprocis
649 672 803 746 versibus,
824 673 974 751 incipiens
998 673 1036 732 ab
1060 671 1185 733 exordio
1208 673 1312 733 mundi
1336 680 1366 735 et

221 780 293 820 casu
334 760 544 839 prothoplasti
584 769 616 821 et
645 759 827 836 perveniens
862 780 956 837 usque
984 759 1021 819 ad
1050 758 1212 820 adventum
1251 759 1365 821 domini

221 846 393 909 secundum.
430 847 571 908 Sedulius
594 847 699 924 itaque
721 846 819 924 primo
842 845 939 907 laicus
964 846 996 906 in
1020 843 1117 905 ltalia
1138 846 1364 925 philosophiam

220 933 337 1004 didicit,
359 939 467 1012 postea
489 953 556 994 oum
580 933 651 993 aliis
671 939 800 993 metrum
817 933 970 995 heroicum
987 931 1164 994 Macedonio
1184 934 1387 1012 presbyteros

222 1021 434 1081 consalutante
457 1019 578 1093 docuit;
610 1019 642 1080 in
666 1020 786 1081 Achaia
808 1020 903 1082 libros
935 1040 1005 1080 suos
1028 1020 1155 1098 scripsit
1178 1020 1365 1098 temporibus

221 1107 438 1168 Valentiniani
462 1116 492 1166 et
515 1106 690 1169 Theodosii.

306 1209 413 1283 Super
439 1210 637 1272 Iuvencum.
667 1209 734 1294 (lu.)
786 1212 916 1288 Appoue
946 1211 1110 1270 Iuvencum
1145 1215 1366 1292 consequenter

219 1295 358 1369 sedulio,
390 1297 442 1375 qui
476 1297 599 1357 literam
638 1297 845 1377 evangelicam
882 1297 981 1374 magis
1016 1296 1055 1356 ad
1090 1299 1180 1357 metri
1214 1298 1365 1359 rationem

219 1383 379 1445 inflectens
407 1386 446 1445 ab
469 1384 604 1457 Herode,
635 1388 691 1446 sub
723 1403 781 1462 quo
812 1384 956 1445 Christus
984 1390 1076 1442 natus
1108 1390 1163 1455 est,
1195 1385 1294 1462 operis
1317 1387 1365 1446 sui
1376 1399 1400 1440 ιο

220 1471 351 1548 sumpsit
372 1470 537 1532 exordium.
591 1471 733 1550 Optimus
757 1476 788 1531 et
814 1472 875 1532 iste
906 1471 1096 1531 versificator
1127 1476 1234 1548 utpote
1262 1471 1365 1532 lauda·

219 1565 269 1618 tus
292 1557 386 1618 etiam
409 1578 428 1618 a
450 1558 631 1632 iheronimo,
659 1558 803 1637 quidum
827 1564 933 1636 ageret
954 1557 986 1617 in
1010 1557 1140 1634 quodam
1159 1564 1364 1620 tractatusuo

220 1644 256 1705 de
278 1643 409 1706 misticis
433 1646 524 1706 trium
548 1665 705 1723 magorum
729 1645 905 1706 muneribus
934 1650 1089 1704 eteorum
1117 1643 1247 1716 misticis
1271 1647 1365 1705 seusi-

220 1734 289 1791 bus:
314 1738 399 1810 ‘quae
423 1729 572 1792 Iuvencus
595 1732 779 1812 pmmbyter.¹
800 1733 916 1810 inquit,
947 1731 1083 1791 breviter
1109 1732 1364 1808 comprehendens

221 1818 282 1878 ait:
307 1821 389 1879 ‘thus
413 1837 519 1878 aurum
544 1820 669 1880 mirram
692 1820 817 1898 regique
841 1818 1016 1895 hominique
1039 1817 1187 1894 deoque.’'
1375 1832 1399 1872 15

305 1906 345 1965 l).
368 1905 464 1966 Miror
491 1907 591 1968 virum
624 1913 688 1968 tam
729 1906 919 1985 praestantis
952 1904 1071 1982 ingenii
1101 1904 1211 1964 nudam
1241 1905 1363 1965 literam

219 1991 434 2070 euangelicam
458 1992 502 2052 sic
526 1999 622 2054 metro
645 1998 854 2073 prosecutum,
884 2001 919 2052 ut
948 1992 979 2052 in
1003 1993 1059 2052 hac
1082 1991 1198 2051 nullum
1223 1992 1365 2053 videatur

219 2098 353 2140 reserare
378 2078 555 2140 misterium.

304 2167 347 2225 Μ.
370 2165 405 2226 Si
426 2166 535 2226 literae
558 2166 657 2229 nudae
680 2166 883 2227 misteriorum
908 2163 1155 2243 consequentiam
1178 2169 1363 2241 annecteret,

218 2252 286 2330 quis
309 2252 379 2312 finis
402 2253 504 2331 operis
527 2254 635 2314 fieret?
679 2253 789 2314 Voluit
810 2253 917 2331 igitur,
938 2258 974 2312 ut
996 2252 1145 2320 Sedulius,
1170 2250 1271 2310 verbis
1294 2251 1399 2311 sim-ao

217 2339 351 2417 plicibus
375 2339 520 2400 ecclesiae
543 2341 657 2401 lactare
688 2340 858 2400 infantulos
889 2344 998 2418 postea
1025 2375 1065 2383 —
1089 2342 1244 2398 crescente
1272 2357 1363 2398 sensu

218 2426 354 2487 naturali
376 2445 444 2486 cum
468 2425 580 2487 studiis
604 2463 643 2471 —
668 2427 881 2488 subtilioribus
913 2426 1080 2504 allegoriae
1111 2423 1283 2501 disciplinis
1307 2425 1363 2485 eri-

218 2512 342 2591 gendos.
377 2513 437 2585 Qui
456 2513 535 2574 enim
556 2514 769 2592 cuiuscumque
791 2513 890 2574 divini
912 2513 1046 2573 auctoris
1064 2513 1128 2573 sive
1145 2512 1362 2589 prophetarum

217 2620 270 2660 scu
286 2599 401 2660 veteris
424 2597 501 2678 legis
516 2601 565 2660 vel
588 2607 671 2661 certe
687 2599 954 2678 ewangelistarnm
979 2601 1074 2662 verba
1096 2597 1245 2658 radicitus
1268 2600 1361 2658 menti

216 2706 288 2746 suae
318 2685 448 2766 primum
476 2687 669 2764 inpresserit,
699 2689 816 2748 fructus
851 2686 1032 2763 allegoricos
1055 2685 1147 2746 facile
1169 2685 1397 2762 postmoduum

217 2794 253 2833 ex
276 2773 402 2834 docente
426 2774 475 2834 vel
495 2774 590 2834 etiam
612 2795 666 2854 per
688 2795 719 2836 se
742 2774 855 2852 spiritu
877 2774 1046 2834 exercitato
1069 2771 1197 2834 videbit.

303 2861 342 2921 Ι).
366 2861 453 2921 Istud
485 2861 678 2939 perspicuum
715 2867 777 2934 est3
813 2860 950 2939 equidem
982 2863 1128 2939 ignorata
1167 2858 1260 2918 litera
1295 2859 1362 2936 quis

217 2946 325 3008 literae
348 2953 451 3008 nosset
474 2948 635 3008 misteria?
682 2948 845 3008 Materiam
867 2946 993 3008 iuvenci
1015 2953 1046 3008 et
1072 2945 1273 3006 intentionem
1297 2945 1361 3005 eius

217 3032 348 3111 adiunge
370 3033 559 3112 praemissis,
584 3035 656 3114 quia
679 3037 753 3096 haec
776 3034 834 3095 duo
859 3033 1020 3113 praecipue
1045 3034 1213 3094 volvuntur
1235 3031 1268 3091 in
1291 3041 1361 3091 ante

217 3119 383 3198 promissis.
1370 3129 1397 3170 30

302 3209 346 3267 M.
368 3207 577 3268 Materiam
601 3208 690 3268 huius
709 3207 842 3270 auctoris
860 3207 1053 3286 evangelium
1069 3205 1231 3267 secundum
1246 3206 1361 3266 Lucam

217 3294 265 3354 vel
289 3299 369 3354 certe
392 3294 459 3354 IIll
488 3295 667 3372 evangelica
698 3295 737 3355 ad
767 3294 856 3356 fidem
879 3301 1034 3373 gestorum
1064 3293 1188 3353 metrice
1211 3292 1359 3352 dictatum

303 3481 318 3519 Ι
351 3477 453 3532 achaio.

288 3477 330 3615 lll
350 3546 376 3600 in
396 3548 443 3600 der
461 3547 511 3600 Hs.
530 3565 581 3600 aus
600 3547 834 3601 ‘versificatorum'
854 3545 1008 3612 korrigiert.

304 3721 506 3774 ⁴—8Sedulius
526 3751 559 3760 -
577 3719 733 3788 Theodosii]
760 3737 790 3772 es
815 3720 853 3772 iet
870 3719 928 3771 dies
947 3719 990 3771 ein
1009 3719 1036 3770 in
1063 3719 1233 3770 Hucmers
1258 3715 1361 3769 Sedu-

216 3788 358 3843 liusaus
365 3807 390 3856 g.
411 3792 452 3858 (=
473 3807 544 3860 corp.
565 3790 657 3859 script.
671 3787 865 3851 eccles.Vind.‚
885 3791 950 3841 tom.
969 3787 1005 3854 X)
1023 3805 1048 3856 p.
1068 3787 1132 3839 Vlll
1151 3803 1201 3838 aus
1220 3785 1361 3838 mehrereu

216 3858 289 3911 alten
304 3859 369 3912 Hss.
388 3857 565 3924 mitgeteiltes
582 3857 806 3928 biographisches
817 3856 958 3919 Scholion3
984 3857 1011 3908 in
1030 3857 1063 3908 T¹
1082 3856 1116 3908 Τ2
1134 3855 1240 3908 kommt
1259 3854 1360 3908 ‘laicus'

215 3945 266 3980 vor
283 3927 333 3980 mit
352 3929 412 3980 dem
423 3928 521 3981 Zusatn
542 3928 676 3994 ‘gentilis'.
695 3957 729 3967 -
748 3927 796 3979 Bci
815 3926 1001 3992 Sigbcrtus
1020 3924 1146 3978 Gembl.
1167 3925 1215 3977 ab
1234 3924 1300 3976 vvird
1319 3924 1361 3976 die

216 3995 295 4050 Bllite
321 3997 369 4050 des
395 3997 455 4050 Sed.
475 4000 554 4049 untcr
580 3997 724 4050 ‘Constans
748 3999 776 4049 et
795 3995 987 4058 Constantius,
1010 3993 1059 4046 filii
1083 3993 1162 4064 primi
1182 3993 1360 4046 Constantini

217 4068 331 4131 gesetzt.

304 4139 316 4176 8
350 4136 484 4187 Iuvencus
502 4134 540 4188 ist
558 4135 585 4187 in
604 4134 638 4187 Τ1
657 4133 691 4187 '1¹²
709 4133 785 4187 nicht
802 4132 957 4187 behandelt.

290 4207 317 4244 12
350 4204 451 4256 Hieron
472 4221 517 4269 m,
536 4221 632 4257 comm.
651 4203 679 4256 in
698 4220 795 4270 evang.
813 4202 912 4256 Matth.
930 4202 975 4255 lib.
995 4202 1015 4261 Ι.
1035 4218 1092 4270 cap.
1112 4201 1128 4252 2
1146 4202 1189 4270 (=
1209 4200 1301 4266 Migne
1319 4199 1360 4259 26,

217 4272 250 4325 26
258 4291 264 4334 ;
292 4272 347 4338 vgl.
367 4273 408 4336 22,
427 4222 503 4338 tibh
532 4272 579 4325 der
597 4273 681 4325 Vers:
711 4276 764 4324 ‘tus
789 4289 884 4324 aurum
908 4290 933 4324 u.
952 4289 973 4323 s.
992 4271 1034 4324 vv.’
1056 4293 1086 4314 =
1106 4271 1177 4335 Iuv.‚
1201 4269 1245 4322 lib.
1266 4269 1285 4332 l,
1310 4269 1362 4321 250

216 4340 257 4393 ed.
277 4340 385 4394 Murold
403 4341 494 4409 (18863
514 4342 570 4408 vgl.
588 4341 711 4394 Marolds
729 4341 850 4393 Verrede
870 4341 894 4394 S.
914 4340 971 4407 IV).

287 4409 329 4478 21]
348 4410 404 4477 vgl.
424 4410 492 4464 oben
512 4410 552 4475 36,
573 4410 613 4463 13.
