3316 5170
636 383 891 439 ·-77—

217 549 428 610 mentationem
455 548 684 610 conclusionem.
728 551 831 610 Prima
864 551 943 610 enim
974 551 1099 610 istarum
1129 547 1272 610 auditoris
1295 547 1359 606 ani·

217 657 298 695 mum
329 645 489 714 provocat,
522 635 655 697 secunda
680 656 726 696 res
748 647 847 715 gestas
870 636 1018 715 explicat,
1047 635 1134 695 dictis
1156 633 1243 694 fidem
1267 635 1358 694 tercia

216 721 297 795 facit,
320 731 427 801 quarta
449 722 506 781 tria
528 722 693 800 praemissa
714 723 875 784 concludit.
906 723 1066 784 Iuncturas
1089 722 1178 782 etiam
1198 720 1356 781 verborum

217 818 246 869 et
271 809 485 869 sententiarum
514 807 626 886 figuras
658 809 798 870 studiosis
833 809 996 870 rethoricae
1028 809 1168 869 convenit
1196 807 1356 880 advertere,

216 896 408 975 proprietates
431 915 528 954 rerum
552 894 745 955 dicendarum
764 896 832 957 stilo
847 908 1011 975 temperare
1026 904 1055 956 et
1068 894 1243 974 hyperbata,
1265 893 1358 953 dubia
1379 907 1395 948 s

217 1002 335 1060 quoque
367 983 476 1053 vitare,
510 981 609 1042 verbis
640 981 780 1043 brevibus
815 984 991 1044 sententiam
1021 1002 1082 1043 non
1113 981 1273 1042 obscurare
1302 1000 1357 1040 neo

215 1068 341 1147 prolixis
373 1067 516 1128 tediosam
539 1067 668 1128 reddere.
712 1070 805 1130 Porro
826 1069 1080 1130 dialecticam
1102 1067 1243 1148 professis
1266 1065 1356 1146 depu-

216 1163 296 1214 tatur
324 1153 567 1214 introductoriam
590 1155 723 1233 quinque
744 1177 842 1215 rerum
865 1177 916 1216 seu
939 1177 1046 1218 vocum
1070 1155 1266 1216 subtilitatem
1288 1173 1356 1212 eno·

215 1240 295 1313 dare,
318 1241 418 1301 decem
442 1242 637 1300 essentiarum
660 1241 737 1302 idest
759 1243 1069 1321 praedicamentorum
1091 1251 1216 1302 naturas
1239 1249 1268 1301 et
1290 1260 1355 1319 pro·

215 1327 355 1406 prietates
378 1337 408 1386 et
429 1327 612 1388 differentias
635 1327 780 1407 colligere,
805 1327 998 1391 diffinitiones
1020 1329 1149 1388 nominis
1173 1338 1202 1388 et
1222 1325 1307 1388 verbi
1328 1337 1357 1387 et
1367 1339 1394 1380 10

215 1413 406 1474 diffinitiones
435 1414 670 1493 propositionum
700 1424 762 1475 tam
792 1437 921 1476 unarum
944 1437 1035 1496 quam
1058 1413 1270 1493 multiplicium
1292 1414 1357 1474 sive

215 1501 304 1560 etiam
318 1499 482 1560 modalium
496 1521 673 1579 percurrere,
698 1502 939 1581 sillogisticorum
955 1502 1067 1582 figuras
1083 1503 1237 1562 modorum
1252 1508 1357 1561 contra

215 1586 419 1648 cavillatoriae
449 1587 628 1666 sophisticae
656 1587 837 1667 deceptionis
867 1590 999 1668 argutias
1022 1587 1160 1666 vigilanti
1185 1587 1282 1648 studio
1306 1587 1356 1647 ad·

214 1683 341 1747 vertere,
371 1673 550 1734 divisionum
581 1675 775 1753 proprietates
798 1685 827 1735 et
849 1675 1078 1754 discrepantias,
1107 1675 1241 1735 locorum
1262 1674 1355 1754 parti-

214 1759 324 1820 tionem
346 1759 494 1833 bifariam,
521 1760 651 1838 partium
674 1761 907 1823 subdivisionem
932 1761 1134 1841 multiplicem,
1164 1759 1356 1822 subdividen·
1365 1772 1393 1814 15

214 1847 289 1906 tium
315 1847 514 1907 continentias
537 1856 567 1907 et
588 1846 793 1922 distinctiopes
816 1849 935 1910 occulta
957 1849 1059 1908 rimari
1080 1847 1245 1927 diligentia.
1288 1846 1354 1907 Illis

214 1953 283 1993 vero
310 1933 362 2012 qui
392 1932 568 2011 profitentur
591 1935 873 2012 grammaticam
896 1936 1036 1996 convenit
1057 1936 1138 1996 vocis
1161 1933 1354 1994 diffinitiones

215 2039 282 2079 cum
312 2019 442 2080 eiusdem
475 2020 656 2099 proprietate
687 2021 798 2100 regulis
834 2021 1000 2094 includere,
1034 2021 1187 2082 literarum
1221 2021 1354 2081 ordinem

214 2125 370 2166 numerum
393 2106 602 2167 similitudines
623 2109 856 2186 permutationes
880 2109 1069 2170 transitiones
1091 2129 1158 2168 curn
1176 2107 1353 2168 sillabarum

213 2193 442 2271 proprietatibus
466 2213 650 2272 cognoscere,
673 2196 803 2274 partium
825 2196 968 2255 orationis
988 2195 1149 2256 divisiones
1164 2193 1390 2273 multiplices,²0

213 2277 332 2357 regulas
359 2279 571 2353 multiformes,
602 2301 669 2340 oum
699 2281 863 2342 eorundum
892 2282 1079 2342 ordinatione
1101 2301 1264 2360 congruam
1286 2301 1351 2359 per·

211 2364 380 2444 fectamque
413 2367 591 2427 sententiam
624 2367 841 2441 demonstrare,
882 2389 995 2448 magna
1026 2367 1150 2428 rationis
1185 2367 1351 2428 subtilitate

213 2450 377 2530 complecti.

298 2539 337 2598 Il.
370 2537 438 2598 Etsi
459 2538 537 2598 vires
566 2537 677 2618 ingenii
699 2541 757 2599 mei
779 2541 991 2602 subtilissimae
1012 2542 1102 2601 trium
1124 2540 1349 2619 disciplinarum

211 2624 335 2685 istarum
362 2625 491 2685 rationes
518 2625 676 2699 excedant,
708 2627 792 2688 adice
822 2636 921 2688 tamen
944 2628 1069 2689 trivio
1092 2626 1387 2707 quadruviuma

211 2711 291 2789 quod
312 2720 412 2784 restat,
435 2711 507 2790 quia
530 2711 607 2772 sicut
625 2714 703 2792 ignis
726 2713 838 2774 metalli
861 2714 1021 2778 cuiuslibet
1042 2713 1180 2776 dissolvit
1194 2712 1348 2786 duriciam,

211 2800 252 2857 sic
275 2797 392 2876 legendi
416 2797 516 2858 fervor
538 2807 567 2858 et
589 2800 721 2861 studium
743 2802 882 2880 quamvis
904 2801 996 2862 durae
1019 2802 1112 2862 menti
1135 2801 1350 2862 sumministrat

211 2884 447 2963 intelligentiam.

298 2972 340 3030 M.
364 2972 468 3031 Artem
490 2971 730 3034 mathematicam
752 2973 829 3034 idest
846 2973 1041 3035 doctrinalem
1059 2975 1211 3036 scientiam
1228 2975 1349 3036 eruditis

211 3057 350 3118 convenit
378 3057 577 3119 intellectibus
609 3059 730 3131 intueri,
751 3081 851 3139 ‚quam
884 3070 1013 3140 quatuor
1035 3061 1155 3140 quidem
1177 3062 1387 3122 distinctam&

297 3197 310 3235 ⁵
322 3165 484 3262 hyperbata]
492 3166 625 3263 portata.

210 3314 403 3367 assertionibus
413 3315 534 3384 (Konrad
550 3315 599 3368 hat
615 3315 664 3369 das
681 3315 799 3369 seltnere
808 3316 889 3370 Wort
902 3319 1012 3372 ‘essert’
1024 3317 1111 3371 durch
1123 3316 1218 3370 ‘dictis’
1229 3318 1350 3385 emetat),

209 3389 309 3450 quarta
326 3384 405 3447 (inem
423 3385 507 3437 totius
525 3385 659 3437 orationis·
677 3385 869 3452 coruplcctitur.

297 3454 359 3522 affl]
378 3454 498 3518 Isidor,
518 3469 555 3506 or.
576 3453 609 3516 Il,
631 3454 665 3506 20
690 3453 727 3507 ist
745 3454 955 3508 ttbcrschrieben
981 3455 1021 3508 ‘cle
1040 3456 1177 3510 iuncturis
1195 3455 1350 3518 cerberum’,

208 3521 241 3585 ΙΙ,
261 3522 292 3574 21
314 3522 354 3574 ‘de
371 3523 469 3592 figaris
487 3523 626 3576 uerborum
650 3528 675 3576 et
692 3525 905 3588 sententiarum'5
929 3524 957 3578 in
980 3525 1012 3590 ΙΙ,
1033 3526 1074 3589 20,
1100 3526 1112 3578 1
1136 3525 1204 3578 wird
1226 3542 1281 3578 von
1304 3525 1352 3577 der

205 3591 373 3658 proprietas,
404 3623 438 3631 —
465 3593 497 3657 ll,
516 3593 557 3655 20,
577 3593 593 3645 2
615 3609 670 3644 von
688 3592 740 3645 den
757 3593 921 3660 hyperbata,
948 3612 1003 3648 von
1025 3594 1192 3662 crnbiguitos
1215 3593 1350 3663 (Konrad:

208 3659 300 3727 dubia)
322 3661 378 3713 und
393 3661 575 3729 perissologia
594 3661 700 3730 (Konr.:
723 3661 832 3731 prolix.)
856 3662 1017 3730 gehandelt,
1038 3694 1069 3703 —
1093 3664 1122 3718 in
1144 3665 1177 3730 II,
1201 3663 1242 3728 20,
1262 3662 1278 3715 3
1296 3680 1351 3716 von

207 3728 347 3782 breuitatis
364 3730 486 3783 studium
504 3731 565 3800 (K.:
583 3730 658 3784 verb.
677 3730 771 3798 brea).

297 3799 350 3920 iij
369 3799 489 3864 Isidor,
509 3818 547 3853 or.
566 3800 599 3863 ΙΙ,
619 3800 652 3852 22
670 3799 707 3852 ist
724 3799 934 3855 iiberschriebeu
953 3801 993 3853 ‘dc
1012 3800 1180 3865 dialecticc';
1204 3801 1241 3865 ll,
1257 3801 1310 3866 ³26,
1335 3802 1351 3854 5

208 3865 245 3920 ist
261 3884 315 3919 von
351 3885 385 3920 en
404 3869 436 3921 10
453 3869 674 3936 praedicamenta
692 3869 736 3937 (=
755 3869 929 3939 Kategorien)
950 3870 992 3924 die
1010 3869 1091 3924 Rede.

279 3936 321 4005 29]
340 3937 426 4002 isid,
447 3955 484 3991 or.
495 3938 533 3991 ΙΙΙ
545 3938 634 4007 praef:
645 3938 834 3992 mathematica
845 3940 931 3992 latiae
940 3939 1044 3992 dicitur
1054 3939 1216 3994 doctrinalis
1226 3939 1349 3992 scicntia.

278 4005 358 4075 ³0ff.]
378 4006 548 4070 Boethius,
567 4007 812 4073 animositas,
832 4009 848 4062 5
866 4009 894 4062 ff.
913 4009 953 4062 ed.
973 4008 1121 4063 Friedlein:
1140 4009 1217 4063 iliam
1232 4009 1351 4062 nrultitu-

207 4073 304 4136 diuers,
324 4090 393 4143 quac
407 4091 459 4144 per
476 4091 503 4128 se
520 4081 567 4139 est,
586 4077 757 4130 arithmetica
766 4079 923 4146 speculatur
933 4079 1087 4146 integritus,
1106 4079 1181 4132 illam
1192 4094 1262 4144 vero,
1282 4093 1351 4147 qaae

206 4143 243 4196 ad
262 4144 378 4212 oir'qaid,
397 4145 494 4198 razasici
512 4144 705 4198 modulaminis
722 4151 931 4214 temperamento
941 4153 1116 4216 pernoscant,
1134 4147 1278 4202 immobilis
1288 4161 1350 4201 vcro

205 4213 406 4281 mapnitudiuis
422 4215 569 4281 geometria
588 4215 714 4268 notitiam
728 4216 881 4283 pollicetar,
904 4217 1011 4270 rnobiiis
1027 4232 1089 4270 uero
1107 4217 1246 4271 scientiam
1265 4221 1350 4269 ustro-

206 4284 326 4336 cenricus
336 4283 499 4350 discipliuae
504 4284 610 4353 peritia
620 4283 754 4338 vendicat.
773 4285 853 4338 Auch
870 4286 964 4353 Hugo
984 4288 1021 4340 de
1035 4286 1060 4339 S.
1072 4286 1210 4341 Victore
1229 4286 1352 4342 schreibt

206 4351 279 4405 disse
297 4352 509 4406 Boethiusstelle
528 4370 585 4419 aus,
605 4354 698 4420 Migne
717 4354 774 4420 176,
795 4356 845 4408 755
865 4355 930 4422 (vgl.
950 4356 1001 4410 col.
1020 4356 1089 4424 809).
