3316 5170
661 407 873 464 ..69-

198 576 315 656 poeta?
338 576 416 637 unde
437 575 646 637 testimonium
671 574 748 635 illud
767 574 804 634 ad
820 575 924 634 Titum
949 575 1146 654 discipulum:
1172 575 1341 636 ‘Cretenses

198 685 319 743 semper
341 663 507 736 mendaces,
530 662 627 724 malae
651 662 776 739 bestiae,
798 667 919 722 ventres
937 663 1046 742 pigri’,
1074 662 1134 722 nisi
1157 664 1195 722 ab
1218 663 1340 723 ehtnieu

199 756 292 830 poeta
321 749 522 830 Epimenidel
579 749 728 822 Quotiens
756 749 934 809 dialecticae
971 749 1101 809 rationis
1134 750 1248 809 Paulus
1280 770 1340 810 non

199 839 326 916 ignarus
348 838 493 916 proponit
516 838 644 896 assumit
667 837 777 914 prohat
800 842 832 896 et
854 836 1022 897 concludit!
1065 838 1205 914 Longum
1228 840 1283 904 est,
1306 843 1341 896 ut

199 925 239 985 ad
262 924 374 986 nudum
397 925 489 985 istum
513 925 697 994 solvendum,
721 943 779 1002 quo
803 922 958 1000 obligatus
982 943 1023 998 ee,
1048 923 1170 1000 singula
1185 933 1376 1002 percurre-o

201 1031 275 1085 mus,
299 1033 364 1072 oum
389 1011 482 1070 etiam
509 1011 541 1070 in
568 1010 676 1088 regula
699 1016 771 1070 tua:
799 1016 837 1070 ‘et
865 1010 998 1088 nequid
1027 1010 1126 1070 nimis'
1154 1031 1172 1069 a
1196 1009 1341 1071 Terentio

198 1102 353 1177 sumptum
385 1099 442 1171 sit;
478 1118 538 1177 quo
561 1118 578 1156 a
602 1097 754 1174 Calliopiu
779 1097 909 1158 recitato
933 1099 964 1156 in
994 1098 1116 1158 theatro
1141 1098 1179 1156 ab
1203 1097 1341 1157 omnibus

198 1185 400 1246 acclamatum
431 1190 487 1246 est.
538 1183 622 1260 Quid
652 1182 731 1262 quod
767 1183 925 1262 praecipui
952 1183 1126 1244 divinorum
1155 1188 1341 1244 creatuturas

200 1272 387 1333 voluminum
400 1270 596 1350 Augustinus
620 1275 651 1330 et
674 1269 865 1332 iheronimus
888 1270 1073 1331 testimoniis
1096 1271 1287 1331 ehtnieurum
1309 1271 1340 1330 in

199 1359 325 1438 scriptis
353 1359 416 1418 suis
439 1364 574 1429 utuntur,
596 1357 648 1417 sed
679 1377 779 1418 eorum
803 1357 856 1416 ubi
879 1357 1027 1418 rationem
1051 1357 1253 1437 proprietatis
1277 1365 1377 1417 ver-10

200 1447 305 1506 borum
337 1445 460 1506 reddere
492 1450 656 1522 coguntur,
687 1448 722 1503 ut
754 1465 790 1503 ex
814 1445 870 1504 hoc
893 1444 1084 1505 auditoribus
1109 1445 1204 1505 maior
1226 1453 1342 1505 crescat
1369 1493 1380 1520 ,

200 1533 353 1610 profectus
378 1552 467 1610 quam
486 1531 632 1592 defectus.
670 1532 771 1592 Taceo
790 1531 825 1591 de
844 1531 990 1591 acerrima
1009 1531 1217 1609 disputatione
1239 1532 1343 1609 Augu·

198 1619 276 1679 stini
317 1626 424 1680 contra
463 1618 626 1696 gentilium
664 1638 795 1678 errorem
831 1618 1084 1696 supersticionum
1118 1618 1150 1677 in
1186 1618 1341 1678 duodecim

200 1707 288 1766 libris
312 1706 348 1766 de
377 1705 504 1767 civitate
534 1705 598 1777 dei,
631 1705 683 1764 uhi
715 1709 836 1783 sumpta
866 1705 903 1765 de
934 1705 1022 1765 libris
1053 1725 1153 1766 eorum
1177 1706 1282 1765 vibrat
1310 1705 1342 1764 in

200 1813 250 1852 eos
282 1798 383 1853 sectae
417 1792 558 1871 propriae
585 1792 718 1870 spieula;
748 1791 806 1852 duo
833 1792 896 1852 ista
922 1793 1078 1852 sufficiant
1105 1791 1194 1852 libris
1216 1792 1279 1852 suis
1299 1792 1342 1852 in·
1353 1797 1378 1839 15

199 1884 283 1939 serta
312 1879 348 1940 de
372 1879 506 1956 Virgilio
537 1885 568 1938 et
591 1878 711 1949 Oratim
742 1899 810 1939 eum
846 1884 953 1957 ageret
991 1879 1024 1938 in
1054 1879 1132 1940 libro
1164 1877 1217 1958 del
1236 1864 1414 1961 sancierit?

201 1965 355 2040 trinitate,
378 1966 457 2045 quod
480 1966 572 2026 etiam
595 1965 740 2026 memoria
762 1971 880 2044 tempus
903 1986 1045 2044 praesens
1060 1966 1233 2044 respiceret.
1257 1967 1343 2026 testi-

200 2053 332 2113 monium
363 2052 441 2113 illud
468 2052 599 2113 inseruit
622 2052 658 2113 de
681 2051 867 2112 secularibus
890 2053 1000 2130 literis,
1031 2052 1084 2113 ubi
1108 2053 1231 2113 maioris
1255 2073 1343 2113 curae

199 2139 261 2198 fnit
284 2145 442 2202 verborum
461 2139 625 2218 integritas
647 2160 736 2218 quam
758 2138 873 2198 veritas
892 2160 1006 2200 rerum:
1036 2145 1109 2214 hec,
1133 2141 1242 2219 inquit,
1267 2140 1343 2199 talia

199 2247 306 2304 passus
330 2227 618 2287 Ulixes'ohlitusve
642 2226 690 2286 sui
712 2231 759 2286 est
774 2225 900 2286 Ithacus
923 2226 1098 2286 discrimine
1119 2232 1231 2301 tanto’;
1256 2231 1287 2286 et
1310 2227 1378 2285 nt20

198 2313 375 2374 ostenderet
397 2320 531 2373 eternum
557 2313 709 2372 interdum
739 2333 798 2390 pru·
818 2313 1047 2390 temporalitate
1070 2313 1151 2391 poni,
1174 2313 1210 2373 de
1234 2312 1341 2373 Oratio

200 2402 312 2476 prohat
333 2399 413 2478 quod
425 2400 557 2460 dixerat:
582 2400 706 2459 ‘serviet
725 2405 880 2459 aeternum
899 2400 1033 2478 propriis
1056 2400 1128 2479 quia
1149 2401 1262 2462 nesciet
1276 2401 1341 2461 uti'.

199 2494 232 2546 et
254 2486 289 2546 de
311 2487 448 2566 perlecto
471 2487 592 2547 humine
623 2486 661 2546 ad
688 2486 920 2546 similitudinem
948 2487 1064 2547 solidae
1086 2487 1216 2565 figurae:
1244 2486 1341 2548 ‘fortis

199 2573 285 2633 etin
309 2594 340 2634 se
363 2574 430 2651 ipso
453 2579 538 2635 totus
561 2579 640 2633 teres
664 2580 754 2652 atque
769 2573 932 2644 rotundus’,
956 2578 986 2633 et
1008 2573 1041 2633 in
1058 2573 1136 2634 hunc
1155 2574 1273 2635 modum
1297 2575 1340 2633 in·

201 2660 299 2722 finita.
342 2661 439 2721 Porro
471 2661 507 2720 de
536 2658 709 2721 iheronimo
734 2660 894 2720 tacendum
928 2667 1017 2737 putu,
1048 2661 1101 2739 qui
1127 2666 1275 2739 quantum
1307 2661 1339 2720 in
1350 2661 1377 2702 25

197 2747 386 2808 secularibus
414 2747 515 2808 literis
534 2747 639 2807 multis
663 2747 838 2808 ductoribus
862 2747 1009 2807 ecelesiae
1025 2747 1189 2824 celebrior,
1220 2754 1339 2807 tantum

287 2917 312 2986 2]
331 2915 446 2971 ventris.
603 2916 627 2985 7]
648 2915 780 2986 colliupio.
938 2916 964 2985 8]
984 2916 1197 2970 acclamandum.

288 3003 380 3068 8de
399 3004 482 3073 quod]
502 3003 642 3072 Quicquid.
924 3003 965 3072 1⁰]
985 3003 1097 3056 ratione.

270 3089 313 3158 20]
334 3088 376 3142 die
394 3089 442 3142 Hs.
462 3089 510 3143 hat
529 3092 630 3144 actus
649 3093 718 3143 statt
736 3089 854 3144 Ithacus.

289 3261 315 3331 ³]
334 3261 426 3324 laid,
445 3261 511 3328 orig.
530 3261 563 3325 ll,
582 3261 606 3324 9,
627 3260 655 3312 3:
674 3261 837 3330 syllogismis
854 3278 881 3311 a
898 3266 1013 3314 utuntur
1031 3261 1177 3326 dialectici,
1196 3262 1258 3314 licet
1276 3275 1340 3326 apc-

201 3331 284 3383 stolus
301 3346 380 3398 saepe
395 3335 542 3400 proponat,
561 3335 688 3392 lassamur,
709 3332 845 3394 reintraret
862 3335 942 3397 otqrra
960 3330 1116 3391 concludat:
1139 3331 1168 3384 in
1191 3330 1242 3383 den
1260 3328 1341 3382 Lehr-

199 3400 321 3454 biiehern
339 3401 387 3453 der
404 3399 491 3466 Logik
509 3398 639 3452 erhielten
658 3398 717 3452 sich
735 3398 808 3453 diese
827 3399 947 3452 Termini
964 3399 1006 3452 bis
1025 3400 1074 3452 auf
1091 3400 1133 3453 die
1151 3398 1272 3452 Neuzeit.

290 3486 315 3556 6]
334 3487 481 3547 Terenz,
505 3485 589 3538 Andr.
608 3485 628 3548 Ι,
649 3485 695 3537 61:
721 3491 751 3538 ut
773 3485 876 3554 itaquid
897 3473 993 3549 nome,
1017 3502 1038 3538 s.
1065 3486 1107 3538 die
1130 3485 1341 3540 Grammatiker·

204 3555 304 3610 stellen
327 3556 354 3608 iu
378 3555 425 3608 der
449 3552 731 3624 Umpfenbaeh'schen
756 3555 937 3622 Terenzausg.
956 3555 1010 3607 und
1034 3554 1157 3620 Liibeok,
1182 3555 1340 3624 Hieronym.

205 3641 274 3693 quos
292 3624 400 3678 noverit
417 3625 518 3692 script,
536 3641 561 3692 p.
582 3623 639 3677 111.

270 3711 312 3780 12]
331 3710 387 3778 vgl.
408 3711 447 3774 19,
468 3710 508 3762 18.
670 3708 776 3762 14vibr.
796 3708 872 3778 spic]
893 3709 947 3775 vgl.
967 3709 1053 3774 ovid,
1073 3710 1184 3762 Metam.
1203 3710 1227 3774 8,
1247 3709 1305 3762 374.

275 3797 316 3867 17]
335 3796 575 3864 Augustiana,
604 3795 636 3848 de
659 3793 797 3858 trinitate,
829 3794 906 3847 Bueh
924 3795 1002 3861 XIV,
1029 3812 1086 3864 cap.
1114 3795 1162 3859 11,
1189 3795 1281 3862 Migne
1299 3795 1341 3859 42,

204 3865 284 3919 1047:
303 3868 351 3934 qul
370 3865 440 3919 dicit
456 3867 611 3918 cruciarium
628 3880 680 3916 auu
699 3879 752 3916 esse
769 3866 959 3931 praesentiam,
979 3869 1103 3918 attendat
1120 3863 1341 3932 querrudmodum

202 3935 304 3988 dietum
322 3937 358 3988 sit
377 3935 406 3987 ia
424 3935 493 4004 ipsis
510 3934 698 3988 saecularibus
716 3933 810 3990 literis,
828 3933 877 3985 oct
892 3934 1009 3986 rarioris
1030 3935 1085 3994 fult
1104 3949 1185 3986 curae
1204 3933 1342 3986 uerborum

202 4005 348 4072 integritus
366 4020 447 4073 orrum
466 4004 567 4056 ueritas
584 4019 686 4055 rerum:
716 4007 770 4056 ‘uec
789 4002 859 4055 talia
877 4033 912 4042 -
930 4007 1012 4055 tonto'
1033 4003 1075 4072 [=
1095 4003 1189 4070 Verg,
1208 4003 1276 4056 Aen.
1295 4003 1342 4066 Ill,

202 4073 254 4126 628
272 4073 311 4143 f.].
348 4072 427 4127 Auch
445 4073 537 4140 Migne
554 4072 596 4136 42,
617 4072 684 4126 1050
702 4073 757 4124 und
777 4072 843 4124 1079
861 4072 959 4126 stehen
977 4071 1064 4125 Gitate
1084 4089 1133 4124 aus
1151 4072 1252 4139 Vergil.

271 4159 314 4230 22]
334 4160 383 4213 das
402 4159 476 4214 Oitat
493 4159 598 4212 ‘serula
617 4163 763 4222 oeternum,
782 4158 848 4225 qaia
860 4174 976 4226 paruo
994 4159 1091 4210 nesciet
1112 4158 1161 4210 ali’
1181 4159 1223 4228 (=
1244 4159 1342 4211 Horam

200 4226 279 4298 epist.
290 4229 310 4293 I,
323 4229 362 4293 10,
372 4229 416 4297 41)
436 4229 511 4282 steht
528 4227 571 4281 bei
589 4227 779 4294 Augustin,
807 4231 912 4296 quaest.
930 4227 958 4280 in
976 4227 1087 4296 heptat,
1109 4227 1201 4294 Migne
1224 4227 1264 4292 34,
1284 4227 1342 4280 556·

272 4314 314 4383 22]
334 4315 383 4368 das
401 4314 475 4368 Gitat
493 4315 580 4379 ‘sortis
598 4314 669 4366 etin
690 4329 716 4366 re
735 4331 759 4366 u.
779 4330 800 4366 s.
819 4314 862 4366 w!
881 4314 923 4381 (=
935 4314 1033 4378 Horaz,
1053 4317 1104 4366 eat.
1120 4313 1154 4377 Il,
1168 4315 1192 4377 7,
1204 4313 1249 4382 86)
1268 4313 1344 4366 steht

201 4382 245 4436 hei
263 4383 447 4451 Augustin,
467 4383 500 4438 de
519 4387 611 4452 quant.
631 4401 682 4446 an,
702 4382 793 4450 Migne
813 4383 854 4446 32,
875 4382 948 4436 1051.
