3316 5170
748 401 954 453 ..52-

275 568 336 629 alio
360 568 439 628 libro
463 567 608 629 Catonem
633 567 802 629 introducit
831 567 868 627 de
891 574 1047 628 senectute
1077 567 1266 646 loquentem,
1300 569 1418 629 Lelium

275 676 346 717 vero
377 668 408 715 et
437 654 610 732 Scipionem
638 675 655 712 a
679 660 793 717 Catone
816 655 1037 731 interrogatos,
1070 656 1114 724 sic
1142 662 1172 714 et
1195 656 1226 715 in
1251 657 1307 716 hcc
1331 677 1419 734 opere

275 739 448 803 introducit
460 741 643 817 <Lelium>
661 741 696 802 de
716 741 858 802 amicicia
875 742 1091 818 disputantem,
1108 742 1184 802 duos
1201 762 1273 803 vero
1290 764 1418 821 generos

275 829 372 907 ipsius
396 829 549 888 Fannium
575 833 606 888 et
629 828 787 889 Scevolam
811 830 1049 906 interrogantes.
1096 829 1175 890 Huic
1209 829 1302 889 etiam
1335 830 1419 908 operi

252 917 436 994 cprologum
458 915 609 993 praefigit,
633 915 665 976 in
689 936 747 993 quo
771 915 853 976 sicut
876 915 931 976 alii
947 920 1056 992 poetae
1080 935 1154 993 opus
1171 937 1256 976 suum
1272 935 1420 976 commen·

275 1003 347 1063 dare
370 1003 491 1062 Tullius
514 1001 659 1067 intendit.
706 1003 810 1062 Omnis
843 1003 923 1062 euim
953 1003 1097 1081 prologus
1120 1008 1175 1063 aut
1203 1004 1420 1064 commendati·

274 1090 339 1151 cius
356 1095 403 1150 est
419 1097 473 1150 aut
486 1089 707 1167 apollogeticus
730 1095 784 1150 aut
803 1111 839 1150 ex
858 1096 985 1166 utroque
1009 1096 1202 1167 temperatus.
1236 1091 1298 1150 Ubi
1324 1091 1421 1169 igitur

275 1197 306 1237 se
329 1197 454 1254 magnos
484 1183 515 1236 et
542 1179 692 1254 sapientes
717 1177 800 1236 viros
826 1177 873 1236 vel
897 1176 1062 1254 magistros
1086 1177 1135 1236 vel
1158 1177 1255 1238 socios
1279 1179 1419 1238 habuisse

274 1263 406 1335 fatetur,
439 1283 514 1340 opus
537 1283 623 1323 sunm
646 1264 834 1324 autenticum
857 1264 982 1324 reddere
1005 1265 1160 1342 probatur.
1204 1263 1295 1325 Licet
1318 1271 1418 1325 autem

240 1350 311 1410 roda
338 1351 405 1412 sola
432 1349 573 1410 amicicia
600 1357 734 1410 tractare
764 1350 908 1411 videatur
929 1351 962 1410 in
993 1351 1049 1410 hoc
1078 1351 1173 1427 libro,
1202 1351 1238 1411 de
1270 1351 1420 1411 servanda

275 1445 376 1498 tamen
399 1438 546 1498 castitate
568 1444 598 1497 et
622 1437 789 1515 pudicicia,
823 1438 859 1498 de
882 1437 1008 1498 colenda
1032 1457 1147 1498 morum
1172 1439 1331 1498 honestate
1355 1438 1420 1499 siue

273 1524 396 1585 fictione
413 1524 520 1584 dolosa
533 1524 661 1585 multum
684 1524 832 1602 invigilat
855 1524 919 1584 eius
938 1525 1129 1597 exhortati03
1153 1527 1225 1586 haec
1249 1533 1349 1585 autem
1373 1547 1420 1586 ex·

275 1611 411 1672 hortatio
434 1612 483 1672 vel
506 1611 608 1689 potins
630 1614 786 1690 persuasio
811 1615 942 1689 quatuor
965 1613 1000 1671 fit
1020 1611 1129 1675 modis.

362 1698 401 1757 l).
427 1697 566 1771 Quibus?

240 1803 265 1844 rc
362 1786 404 1844 M.
427 1786 477 1845 Ab
500 1784 579 1859 utili,
602 1787 640 1844 ab
665 1787 801 1856 honesto,
824 1805 842 1843 a
865 1783 1014 1860 possibili,
1039 1804 1056 1843 a
1079 1784 1259 1848 necessario.

361 1872 400 1930 l).
424 1873 468 1931 Ne
491 1873 653 1952 cuncteris,
678 1873 812 1947 obsecro,
837 1876 967 1948 quatuor
990 1870 1052 1930 ista
1075 1871 1236 1931 resolvere.

361 1959 403 2017 Μ.
427 1958 482 2018 Fit
504 1961 542 2018 ab
567 1959 639 2019 utili
662 1959 819 2036 persuasio
837 1960 894 2018 hoc
910 1956 1013 2017 modo:
1037 1958 1064 2016 si
1081 1957 1251 2030 vicerimus,
1275 1963 1421 2036 perpetuo

163 2043 308 2106 atattcain
335 2065 410 2122 pace
437 2046 562 2116 erimus;
596 2048 633 2106 ab
658 2042 869 2128 honestolsic:
893 2045 920 2104 si
943 2044 1121 2120 vicerimuS,
1150 2064 1312 2120 perennem
1334 2045 1421 2105 nobis

275 2131 387 2190 famam
411 2138 442 2192 et
475 2133 605 2210 gloriam
636 2134 802 2210 pariemus;
838 2153 856 2190 a
879 2130 1020 2209 possibili
1049 2131 1105 2190 sie:
1139 2151 1333 2192 occurramus
1367 2131 1420 2207 eis,

239 2219 364 2296 20panci
376 2225 447 2278 sunt
459 2229 491 2280 et
509 2219 576 2280 ideo
595 2219 772 2291 vincibiles;
796 2240 813 2277 a
831 2217 1016 2278 necessario:
1039 2218 1100 2277 nisi
1116 2219 1291 2298 vicerimus,
1315 2218 1421 2278 morie·

274 2326 349 2366 mur.
394 2308 439 2366 Et
461 2307 535 2366 haec
558 2312 688 2384 quatuor
711 2326 800 2383 quarn
824 2305 956 2366 celebria
980 2305 1099 2365 sintin
1122 2305 1283 2384 scripturis
1306 2304 1421 2366 divinis

275 2392 347 2469 quid
370 2393 484 2453 attinet
507 2393 622 2470 dicere,
647 2414 714 2454 cum
741 2393 838 2454 omnis
862 2393 928 2454 vita
960 2399 1064 2453 nostra
1087 2393 1118 2450 in
1143 2393 1198 2454 hoc
1221 2392 1364 2470 pendeat,
1387 2398 1423 2452 ut

276 2478 438 2540 victoriam
461 2487 597 2541 nostram
620 2500 681 2558 pax
703 2486 787 2541 certa
810 2486 956 2557 sequatur
978 2487 1009 2539 et
1032 2479 1139 2557 gloria,
1163 2485 1201 2552 et,
1225 2480 1296 2558 quia
1319 2480 1422 2557 plures

275 2571 348 2626 sunt
379 2567 536 2627 nobiscnm
573 2588 646 2645 quos
678 2568 823 2628 habemus
851 2566 966 2628 auxilio
1002 2587 1091 2644 qnam
1123 2586 1197 2643 quos
1222 2587 1258 2627 ex
1281 2566 1420 2642 adverso,

241 2653 416 2742 25pancitas
430 2675 531 2715 eorum
545 2655 622 2715 iacit
633 2654 803 2729 vincibiles,
820 2675 874 2716 nos
887 2674 959 2715 vero
974 2659 1148 2714 nostrorum
1160 2655 1251 2714 turba
1262 2673 1422 2714 numerose

192 2771 199 2780 ·
244 2785 248 2792 .
277 2740 429 2814 victorcs3
464 2742 516 2802 scd
547 2741 625 2819 quod
654 2742 687 2801 in
711 2742 758 2802 his
791 2742 954 2801 maximum
982 2745 1044 2809 est,
1072 2761 1109 2800 ne
1142 2741 1321 2813 moriamur,
1354 2761 1420 2800 cum

275 2827 383 2887 mortis
407 2828 545 2906 principe
568 2828 764 2906 pugnandum
787 2837 842 2890 est.
870 2830 914 2888 Et
932 2830 988 2888 hoc
1005 2828 1082 2888 scire
1097 2827 1193 2901 debes,
1219 2827 1299 2906 quod
1321 2828 1421 2888 trihus

276 2913 373 2975 modis
396 2917 433 2974 iit
455 2915 638 2981 intitulatio.

363 3001 401 3061 l).
425 3001 605 3075 Quomodo?

242 3116 269 3158 30
364 3089 406 3147 Μ.
429 3090 478 3148 Ex
491 3089 610 3149 nominc
624 3089 767 3160 auctoris,
791 3094 840 3150 ut:
863 3087 974 3164 incipit
989 3088 1138 3158 Lucanus,
1155 3086 1267 3164 incipit
1282 3086 1420 3160 Boetius;

364 3223 389 3292 1]
410 3224 452 3278 die
470 3197 593 3279 Halia-t
615 3225 793 3292 irrigerweise
818 3225 956 3278 ‘Catonem
980 3223 1128 3276 introducit
1151 3222 1283 3275 Lelium
1309 3221 1341 3275 de
1364 3239 1420 3275 sen.

1415 3291 1421 3312 t

277 3291 343 3360 loq„
369 3293 424 3346 Lol.
443 3312 470 3347 v.
489 3313 511 3347 e.
532 3295 597 3360 Sc),
622 3311 753 3362 wogegen
778 3295 817 3347 sie
836 3295 862 3348 Z.
882 3294 898 3346 3
923 3292 1058 3346 zwischen
1084 3291 1120 3345 ‘in
1138 3292 1188 3344 hoc
1208 3310 1248 3361 op.
1268 3291 1414 3345 introducit

277 3361 332 3413 und
356 3363 396 3414 ‘de
424 3363 510 3422 amics
536 3364 595 3417 eine
614 3363 704 3416 Lttcke
728 3363 809 3426 lasst;
841 3364 888 3416 der
906 3361 1003 3415 Fehler
1027 3362 1064 3415 ist
1081 3360 1153 3414 wohl
1175 3361 1260 3414 durch
1278 3360 1421 3414 Hom'dote-

277 3429 369 3483 leuton
388 3432 436 3484 der
453 3433 572 3499 Vorlage
591 3433 758 3502 (introducit)
776 3431 988 3498 herbeigeftihrt.

364 3501 390 3570 4]
410 3502 531 3555 fannium
550 3503 587 3555 ist
605 3519 654 3554 aus
672 3501 798 3554 t'atinium
815 3501 968 3567 korrigiert.
1379 3565 1384 3576 ι

292 3571 389 3690 Ηιῖὂ]
409 3571 459 3624 lies
478 3571 599 3624 ‘faciat't
636 3570 853 3623 Moduswechsel
876 3570 913 3623 ist
935 3568 1033 3639 jedoch
1050 3568 1093 3621 bei
1111 3566 1288 3620 mittelalterl.
1308 3564 1421 3619 sohnft-

277 3654 319 3690 se
341 3656 389 3693 ern
407 3640 514 3694 beliebt.

365 3768 376 3806 7
410 3782 431 3817 s.
451 3766 519 3818 oben
538 3784 571 3818 zu
590 3765 631 3827 24,
649 3765 674 3817 4.

348 3837 378 3875 15
411 3833 619 3898 Quintilian,
638 3835 701 3888 inst.
720 3851 758 3887 or.
778 3833 823 3897 III,
842 3832 866 3896 8,
883 3834 930 3885 22:
946 3837 1041 3900 portes
1059 3829 1195 3882 suadendi
1212 3827 1324 3896 qnidam
1341 3830 1421 3894 pato·

278 3908 372 3954 verunt
389 3903 532 3966 torrentum,
551 3904 626 3963 ntitc,
645 3903 824 3956 necessarium
831 3921 840 3968 ,·
860 3918 907 3971 opo
926 3917 979 3954 non
998 3900 1107 3955 invenio
1125 3899 1188 3952 huic
1206 3899 1302 3951 tertiae
1320 3898 1423 3974 locuni

277 3971 391 4038 μ(25)
409 3973 504 4025 vitalius
522 3975 618 4041 igitur,
638 3973 686 4041 qni
704 3972 811 4025 tertiani
825 3978 933 4040 purtem
952 3970 1083 4024 dixerunt
1100 3968 1215 4032 δυνατὸν,
1240 3965 1311 4034 qnod
1335 3971 1420 4018 nostru

277 4041 405 4108 possibile
423 4043 572 4095 ncnn'nant.

349 4109 391 4178 3⁰]
410 4110 503 4164 Bern.
522 4110 617 4182 Trai:
641 4110 738 4164 titulus
756 4114 845 4160 cirtem
863 4107 942 4160 tibris
962 4107 1122 4160 inscribitur
1140 4121 1174 4158 erc
1192 4105 1296 4158 nornine
1315 4102 1422 4156 catoris

278 4183 309 4232 nt
326 4179 464 4245 Luccatns,
484 4195 553 4248 opus
571 4180 693 4245 Lucani,
714 4193 747 4231 ecc
765 4178 843 4230 rebus
861 4183 892 4230 nt
910 4177 990 4230 ciuile
1008 4177 1111 4238 bellurn,
1131 4179 1180 4228 cut
1198 4190 1232 4227 ecc
1250 4174 1372 4242 peraccis
1389 4172 1422 4224 de

278 4247 374 4314 quibus
394 4247 439 4300 tet
463 4249 499 4301 od
518 4267 587 4318 qnos
604 4249 673 4313 fiunt
691 4254 722 4301 nt
740 4248 914 4301 Anticatones
932 4247 973 4299 cet
992 4246 1166 4314 Philippica,
1192 4245 1233 4296 cet
1257 4259 1275 4294 c
1301 4242 1368 4294 locis
1392 4243 1422 4293 ιἰι

278 4317 376 4384 quibus
398 4317 467 4377 liniet
489 4325 519 4372 nt
537 4318 653 4374 Ouidius
671 4317 703 4371 dc
723 4319 824 4382 Pontc,
849 4318 890 4370 cet
913 4332 930 4367 a
954 4317 1106 4383 scripturos
1130 4329 1223 4382 peracre
1242 4317 1272 4365 ut
1291 4311 1423 4380 epistulae

279 4394 433 4442 ccmnrcnto.
