3316 5170
770 385 980 442 -73-

302 551 438 630 partibus
463 556 491 625 <
499 551 644 628 partim>
670 551 925 612 arihtmetiea
948 549 1122 630 speculatur
1142 550 1306 628 integritas,
1334 552 1442 629 partim

304 637 406 697 musici
431 637 640 696 modulaminis
664 647 898 716 temperamenta
921 645 1108 717 pernoscunt,
1134 637 1243 714 partim
1265 639 1443 714 geometrica

230 719 589 814 1ῗ11111111111111”1111111111,
620 723 729 802 partim
758 726 972 785 astronomicae
1002 723 1130 783 noticiae
1160 723 1265 800 peritia
1296 723 1442 785 vendicat.

304 810 422 886 Quibus
454 810 531 870 enim
561 810 739 870 numerandi
763 811 918 870 scientiam
941 812 1043 872 ceteris
1066 809 1262 887 perspicatius
1284 811 1360 869 ratio
1383 821 1444 870 stu·

282 896 395 957 odendi
422 906 452 957 et
480 896 650 956 exercitatio
680 896 819 969 contulit,
854 918 913 957 non
942 897 1095 976 incognita
1123 905 1169 956 est
1190 897 1305 955 numeri
1329 896 1445 957 diverse

305 984 423 1062 quidem
451 982 612 1043 secundum
634 982 766 1043 diversos
796 983 916 1044 diffiniti
946 993 975 1044 et
1003 981 1202 1044 commendati
1225 982 1393 1043 distributio
1416 994 1445 1044 et

304 1070 434 1130 eiusdem
456 1070 486 1128 111
509 1078 608 1148 partes
632 1069 790 1148 multiplex
811 1070 926 1132 divisio.
960 1070 1031 1130 Non
1050 1071 1152 1148 ignota
1168 1069 1269 1146 peritis
1280 1069 1444 1148 figurarum

306 1157 556 1216 arihtmeticarum
587 1165 631 1215 est
658 1156 830 1216 constitutio
857 1177 1058 1228 numerorum,
1082 1165 1163 1215 ortus
1186 1165 1295 1214 natura
1318 1166 1347 1215 et
1368 1177 1446 1216 reso·

305 1243 393 1316 latio,
428 1241 556 1320 qualiter
584 1262 686 1302 omnes
716 1243 826 1321 species
856 1243 1078 1324 inaequalitatis
1106 1241 1144 1301 ab
1179 1241 1360 1320 aequalitate
1381 1243 1446 1321 lege

271 1329 410 1390 redivina
432 1328 595 1408 procedant
615 1349 777 1407 rursusque
799 1330 831 1388 in
842 1329 967 1389 eandem
978 1329 1186 1389 resolutionem
1211 1348 1300 1388 cursu
1315 1329 1446 1389 mirabili

307 1425 469 1476 transeant.
509 1414 573 1474 Nec
596 1425 624 1475 te
647 1415 741 1475 lateat
763 1425 822 1476 tres
845 1416 1017 1476 medietates
1040 1415 1079 1475 ab
1102 1415 1233 1493 antiquis
1257 1416 1395 1475 inventas
1418 1426 1447 1476 et

308 1502 502 1563 auctorizatas
531 1502 650 1561 senaria
679 1502 844 1562 excrevisse
866 1503 1086 1562 numerositate.
1132 1502 1271 1579 Denique
1293 1502 1344 1580 qui
1366 1503 1446 1561 omni

307 1589 484 1667 capacitatis
513 1608 583 1648 suae
605 1587 754 1649 industria
776 1589 958 1649 ermonici
981 1587 1193 1648 modulaminis
1215 1587 1272 1647 sibi
1295 1608 1448 1668 compara-

308 1696 375 1736 vere
398 1674 559 1746 scientiam,
584 1686 766 1753 pernoscunt
788 1675 846 1735 tria
867 1675 986 1753 quidem
1009 1695 1073 1735 esse
1096 1674 1226 1734 musicae
1249 1695 1366 1752 genera,
1389 1685 1447 1736 tres

273 1776 298 1816 rs
308 1761 523 1823 cantilenarum
546 1761 658 1839 species
680 1761 862 1841 intelligunt,
885 1782 960 1840 quas
983 1761 1188 1840 proportiones
1211 1781 1325 1840 quasve
1345 1782 1448 1823 conso·

309 1849 428 1908 nantias
451 1846 607 1926 repudient
628 1847 676 1910 vel
700 1869 774 1927 quas
796 1849 943 1927 recipiant
966 1848 1139 1920 adtendunt,
1170 1867 1247 1925 quae
1269 1848 1308 1907 sit
1329 1849 1448 1909 maioris

309 1955 385 2013 quae
414 1935 535 1994 minoris
562 1935 707 1994 semitonii
731 1935 820 2007 ratic,
851 1955 928 2014 quae
948 1933 1117 1995 limmatum
1140 1934 1311 2004 scismatum
1334 1944 1364 1994 et
1385 1935 1449 1994 dia·

310 2021 479 2082 scismatum
503 2031 612 2081 natura
634 2031 664 2082 et
685 2021 866 2094 constitutio,
889 2028 985 2081 ortum
1004 2021 1159 2082 cordarum
1178 2020 1301 2080 nomina
1316 2021 1450 2081 differen-

310 2109 382 2168 tiam
412 2117 441 2168 et
468 2106 674 2179 adiectionem,
709 2117 862 2186 praeterea
892 2107 1035 2186 regularis
1067 2106 1258 2167 monochordi
1281 2098 1449 2168 mensuram

273 2194 395 2253 aofirma
422 2194 551 2254 retinent
577 2194 784 2272 intelligentia.
829 2194 907 2270 Quis
931 2203 1030 2254 autem
1052 2193 1299 2272 geometricae
1321 2195 1450 2254 rationes

310 2280 349 2340 ad
380 2279 576 2340 subtilitatem
603 2280 807 2352 tenuissimae,
838 2280 877 2339 ad
906 2281 1062 2340 scientiam
1086 2279 1275 2353 utilissimae,
1308 2280 1347 2340 ad
1370 2302 1452 2342 exer·

310 2367 478 2427 citationem
492 2366 719 2426 iocundissimas
735 2367 837 2427 ceteris
853 2367 1021 2446 disciplinis
1037 2367 1100 2426 iure
1115 2387 1175 2428 non
1194 2367 1341 2440 admittat,
1365 2369 1450 2428 euius

309 2452 525 2532 quadripertita
551 2452 720 2513 division
742 2453 883 2532 planum,
912 2454 942 2512 in
966 2453 1203 2532 magnitudinem
1225 2454 1447 2527 numerabilem,

379 2609 401 2658 8.
423 2605 465 2674 18]
485 2608 561 2658 ortus
578 2607 634 2659 und
649 2610 739 2660 ortum
758 2606 855 2659 slehen
873 2607 922 2658 aui
937 2605 1034 2659 Rasur.
1058 2605 1165 2673 (ordo?)
1225 2605 1268 2674 15]
1288 2605 1452 2674 intelligant.

398 2761 424 2830 8]
444 2778 508 2814 man
529 2760 585 2828 vgl.
609 2761 657 2813 das
680 2760 762 2812 letale
787 2760 855 2828 Kap.
879 2759 926 2812 des
949 2763 1041 2813 ersten
1063 2759 1118 2812 und
1141 2759 1190 2812 das
1213 2762 1285 2812 erste
1311 2760 1378 2829 Kap.
1404 2761 1452 2814 des

312 2829 545 2883 aweitenBuches
562 2848 618 2882 von
635 2829 805 2882 Boethius’
826 2828 999 2894 Arithmetik,
1019 2847 1041 2881 z.
1055 2829 1086 2882 B.
1107 2827 1184 2893 S.66,
1200 2828 1232 2881 19
1250 2828 1290 2881 ed.
1304 2829 1452 2883 Friedlein:

312 2901 337 2952 st
356 2900 540 2968 intelleqaums
558 2913 645 2950 omnes
663 2898 872 2965 inaequalitatis
889 2899 988 2965 species
1006 2899 1040 2950 ab
1059 2897 1235 2965 aequalitatis
1259 2899 1372 2950 crevisse
1415 2899 1453 2951 ri·

313 2968 441 3030 mordiis;
473 2969 517 3032 77,
542 2967 558 3020 3
589 2966 809 3035 quenadmodum
842 2972 898 3020 tota
930 2967 1138 3035 inaequalitatis
1163 2967 1316 3020 substantia
1339 2915 1453 3036 otbfu

312 3038 478 3106 aequalitate.
498 3037 660 3106 processerit
667 3055 674 3099 ;
700 3036 745 3100 77,
770 3035 787 3089 8
812 3041 837 3088 11
861 3037 891 3088 ia
909 3036 999 3088 eadem
1018 3053 1115 3088 rursus
1132 3036 1293 3089 resolutione
1308 3035 1386 3100 facta
1403 3037 1454 3090 sol-

313 3113 424 3166 uantur:
444 3108 485 3170 77,
506 3106 537 3159 16
557 3105 643 3158 oraretis
661 3128 685 3150 a
703 3105 888 3172 inaequalitas
906 3105 943 3157 ael
962 3106 1154 3172 aequalitatem
1171 3123 1198 3154 a
1215 3107 1372 3158 resoluat-nr.
1404 3106 1453 3159 Be·

312 3177 389 3230 treffs
409 3175 585 3243 ‘legedivina’
597 3173 700 3244 (Z.9f.)
717 3175 772 3241 vgl.
791 3174 886 3228 Boeth.
906 3190 929 3226 a.
950 3191 973 3226 a.
993 3174 1023 3227 0.
1044 3175 1083 3238 13,
1103 3175 1132 3237 6;
1152 3174 1192 3238 20,
1212 3175 1300 3239 2155,
1320 3174 1397 3228 2811.
1417 3183 1453 3238 il.;

313 3245 384 3299 auch
403 3245 515 3298 ‘cursus'
535 3245 590 3297 und
608 3243 755 3297 ‘mirabilis'
774 3244 811 3312 (Z.
832 3245 877 3364 1ολ
894 3243 984 3296 finden
1004 3243 1063 3297 sich
1082 3244 1125 3296 bei
1143 3242 1239 3296 Boeth.
1259 3243 1407 3297 mehrfaoh.

386 3315 426 3384 11]
446 3314 558 3368 Boeth.
578 3331 602 3366 a.
621 3331 644 3366 a.
664 3313 694 3367 0,
716 3314 772 3378 164,
793 3313 837 3367 16:
879 3327 911 3365 ae
928 3311 1034 3379 quidem
1053 3319 1115 3365 sulit
1133 3311 1210 3379 apud
1228 3313 1396 3378 antiquiores
1413 3314 1455 3365 in·

314 3389 409 3437 uentae
425 3383 608 3452 probataeque
625 3382 793 3445 medietatem
812 3401 851 3432 μ
871 3382 928 3445 164,
948 3382 980 3434 23
1005 3398 1074 3448 quae
1092 3398 1124 3433 11
1142 3384 1247 3435 lateant
1262 3401 1306 3433 μ
1324 3380 1455 3450 depromi-

317 3469 385 3518 1111,
404 3453 572 3506 zuKonrads
592 3455 648 3504 ‘nec
666 3455 693 3505 te
712 3451 804 3505 lateat’
824 3470 845 3506 s.
866 3450 934 3503 oben
952 3451 993 3515 27,
1014 3451 1058 3514 17;
1077 3451 1177 3516 56,12;
1196 3449 1453 3504 auch‘excrescere’

314 3523 370 3575 und
389 3521 585 3574 ‘numerositas'
604 3520 720 3574 braucht
737 3521 832 3574 Boeth.
851 3521 899 3573 on.

386 3591 428 3659 13]
447 3590 502 3657 vgl.
521 3589 781 3643 Pseudo-Boeth.
801 3589 954 3644 Geometrie
963 3607 987 3658 p.
999 3589 1056 3653 395,
1067 3589 1114 3642 28:
1133 3589 1196 3656 quis
1208 3587 1277 3639 enim
1290 3589 1455 3642 musicarum

314 3659 500 3715 arodulamiua
522 3659 744 3727 symphoniarum
766 3673 934 3711 culturarum
958 3673 1054 3725 expers
1076 3657 1203 3711 censendo
1221 3662 1381 3724 pernoscat?
1399 3659 1455 3725 vgl.

315 3730 384 3851 pben
407 3729 508 3852 rusi}
531 3729 572 3782 30.
614 3717 687 3782 llber
713 3729 839 3781 Konrads
861 3728 971 3794 eigeues
993 3727 1080 3779 Werk
1103 3727 1135 3779 de
1160 3726 1265 3779 musica
1290 3744 1312 3779 s.
1336 3745 1371 3780 m.
1394 3726 1456 3780 llin-

327 3799 400 3852 eitun
459 3839 465 3850 .
502 3838 507 3850 .

388 3816 429 3936 11]
449 3884 482 3919 zu
501 3866 563 3919 ‘tria
580 3866 687 3932 genera’
707 3882 729 3918 s.
747 3865 843 3919 Boeth.
863 3864 955 3917 Musik
973 3882 997 3934 p.
1019 3863 1075 3928 187,
1096 3863 1136 3928 19,
1147 3893 1177 3901 -
1189 3880 1224 3915 zu
1235 3865 1386 3918 ‘cantilena'
1397 3865 1455 3930 200,

317 3937 350 3990 25
355 3956 362 3999 ;
381 3937 440 4000 212,
453 3936 486 3988 25
493 3955 500 3998 ;
520 3965 550 3974 -
562 3953 597 3987 zu
607 3935 809 3988 ‘consonantiae
819 3933 1014 4003 proportiones'
1025 3933 1083 3996 201,
1095 3932 1122 3995 3;
1142 3931 1212 3985 auch
1230 3950 1264 3985 zu
1283 3933 1334 3987 den
1344 3935 1458 4002 tlbrigen

316 4005 425 4059 termini
445 4004 624 4058 ‘semitonium
643 4035 675 4044 -
694 4003 915 4057 monochordum'
933 4002 989 4068 vgl.
1008 4000 1158 4054 Friedleins
1175 4000 1310 4068 Register.

387 4073 429 4142 21]
449 4073 577 4138 Boeth,
603 4073 718 4125 Arithm.
744 4090 770 4142 p.
789 4072 833 4137 53,
853 4073 868 4125 7
875 4091 881 4124 :
906 4070 1038 4140 quaedam
1063 4070 1120 4123 alia
1142 4073 1223 4123 simul
1240 4073 1416 4140 inspiciemus
1433 4076 1459 4124 et

316 4143 548 4196 advsubtilitatem
566 4143 724 4196 tenuissima
743 4148 767 4196 et
785 4141 822 4195 aa
840 4141 979 4196 scientiam
992 4140 1140 4193 utilissima
1153 4139 1226 4193 etad
1239 4141 1458 4196 exercitationem

319 4212 526 4268 iucundissima.

388 4282 431 4351 2³]
450 4281 541 4346 Isia,
560 4300 598 4335 cr.
616 4282 668 4346 ΙΙΙ,
689 4283 734 4345 11,
755 4282 782 4334 1:
812 4279 986 4348 peometrieae
1004 4278 1209 4347 quadripertita
1227 4278 1329 4332 divisio
1348 4283 1400 4342 est,
1427 4279 1457 4330 ia

314 4353 436 4422 plan-um,
455 4351 486 4403 ia
504 4350 801 4421 silopanumerabilem,
821 4351 850 4401 ia
860 4365 949 4417 ntaqn.
960 4348 1151 4401 rationabilem
1160 4355 1185 4402 et
1194 4349 1223 4402 ia
1232 4349 1338 4417 691111
1347 4346 1458 4400 solidas.
