3316 5170
754 387 968 444 ,pg-

302 581 303 588 ¹
381 558 419 616 Ι).
444 561 518 618 Cum
540 560 628 614 tanta
651 555 738 616 nobis
767 557 940 634 subpetent‚
963 574 1090 632 quorum
1114 555 1244 615 honesta
1267 554 1359 614 lectio
1382 573 1438 615 nos

293 645 417 722 ingenio
430 643 550 722 quidem
567 643 650 702 acuit
669 648 700 702 et
715 649 864 720 provocat
884 642 922 701 ad
938 633 1078 714 virtutes,
1103 661 1157 701 cur
1180 641 1298 719 scripta
1323 641 1440 701 viciose

293 738 365 792 sunt
380 729 557 808 appetenda,
575 749 702 808 quornm
724 749 828 789 sensns
841 728 940 789 inficit
959 727 1070 788 studiis
1085 727 1280 788 exercitanda
1292 727 1439 805 ingenia?

294 839 347 878 cur
357 816 554 877 Ouidianis
567 816 654 876 libris
664 815 781 876 Christi
790 817 970 894 tyrunculus
980 814 1077 875 docile
1089 815 1264 874 summittat
1274 814 1438 892 ingenium,

271 905 326 964 oin
348 907 458 984 quibus
482 905 542 964 etsi
562 907 665 980 potest
688 923 794 962 aurum
821 903 854 963 in
888 908 1021 962 stercore
1054 901 1203 974 inveniri,
1243 905 1439 980 quaerentem

294 999 396 1052 tamen
420 991 534 1070 polluit
557 990 622 1066 ipse
645 990 725 1049 fetor
749 990 890 1049 adiacens
915 1009 996 1062 auro,
1021 987 1094 1049 licet
1117 987 1240 1048 avidum
1262 987 1353 1047 auri?

380 1079 423 1137 Μ.
446 1076 639 1137 Rationabili
664 1075 776 1153 spiritu
807 1075 928 1136 duceris
959 1080 1088 1135 mentem
1112 1082 1254 1136 avertens
1278 1063 1315 1134 alr
1339 1094 1439 1136 errore

293 1164 455 1239 falsitatis
479 1163 551 1242 quia
573 1163 633 1222 etsi
655 1169 762 1224 auctor
777 1161 905 1224 Ovidius
928 1162 1007 1222 idem
1032 1163 1064 1222 in
1087 1161 1268 1241 quibusdam
1284 1161 1438 1242 opusculis

295 1253 358 1311 suis
388 1251 469 1311 idest
491 1252 658 1321 fastorum,
692 1249 728 1309 de
751 1251 868 1325 Ponto,
898 1249 935 1308 de
964 1269 1040 1309 nuce
1068 1258 1099 1309 et
1129 1249 1162 1308 in
1186 1249 1255 1309 aliis
1278 1255 1440 1326 utcumque

259 1338 468 1398 10toleraudns
501 1341 590 1411 essct,
618 1337 687 1415 quis
711 1356 778 1396 eum
801 1336 837 1396 de
860 1356 960 1396 amore
991 1336 1222 1412 croccitantem‚
1251 1335 1284 1394 in
1307 1334 1439 1394 diversis

294 1425 435 1502 epistulis
459 1423 594 1502 turpiter
616 1428 813 1501 evagantem,
837 1423 864 1483 si
887 1443 992 1482 sanum
1015 1423 1131 1500 sapiat,
1154 1421 1287 1482 toleret?
1332 1423 1439 1482 Nonne

294 1516 448 1572 auctorem
463 1512 589 1570 eundem
602 1511 762 1569 maximam
772 1510 900 1570 dixerim
910 1515 1030 1588 partem
1047 1509 1221 1588 ydolatriae
1235 1509 1267 1569 in
1280 1514 1439 1568 metamor-

294 1599 394 1660 fosion
416 1597 497 1658 idest
518 1599 552 1657 in
573 1597 844 1658 transformatione
866 1597 1122 1672 substantiarum,
1146 1597 1198 1655 ubi
1222 1587 1389 1656 obscurata
1406 1596 1439 1654 in

294 1707 326 1745 se
349 1685 477 1756 ratione,
500 1705 559 1764 qua
582 1683 620 1743 ad
644 1683 806 1762 imaginem
830 1689 861 1742 et
884 1682 1117 1743 similitudinem
1137 1683 1187 1742 dei
1203 1683 1302 1742 iactus
1325 1687 1379 1746 est.
1403 1681 1439 1742 de

259 1790 285 1832 15
295 1773 415 1834 homine
437 1772 516 1848 lapis
539 1776 571 1830 et
595 1771 693 1831 bestia
716 1770 815 1830 factus
839 1775 870 1830 et
893 1771 968 1842 avie,
992 1774 1141 1829 mutatam
1156 1769 1265 1830 scribit
1289 1769 1382 1830 ediis
1405 1767 1439 1827 in

294 1859 406 1920 bestias
430 1858 568 1918 diversas
591 1863 733 1919 naturam
757 1863 914 1918 creaturae
936 1857 1106 1918 rationalis.
1153 1855 1228 1917 Cum
1252 1856 1333 1916 enim
1356 1855 1440 1915 dicat

294 1947 468 2025 apostolus:
500 1944 666 2005 ‘revelatur
688 1945 736 2004 ira
759 1944 808 2004 dei
830 1945 866 2004 de
889 1945 972 2004 caelo
996 1965 1086 2022 super
1109 1962 1226 2003 omnem
1249 1943 1439 2020 impietatem

295 2043 325 2094 et
347 2032 537 2092 iniusticiam
561 2031 716 2092 hominum
738 2051 856 2106 eorum,
886 2032 940 2110 qui
962 2031 1123 2092 veritatem
1150 2029 1198 2089 dei
1227 2029 1258 2088 in
1282 2028 1440 2089 iniusticia

295 2119 461 2190 detinent,
492 2124 523 2179 et
553 2118 655 2178 dicens
678 2137 783 2197 quare,
814 2117 893 2197 ‘quia
922 2117 1001 2197 quod
1023 2123 1128 2177 notum
1163 2121 1220 2192 est,
1250 2116 1363 2195 inquit,
1391 2114 1439 2175 dei

259 2207 490 2267 inmanifestum
512 2212 560 2265 est
580 2205 612 2264 in
631 2205 706 2280 illis3
730 2205 802 2265 deus
824 2204 903 2264 enim
923 2205 987 2264 illis
1009 2203 1234 2276 manifestavit;
1266 2201 1439 2264 invisibilia

295 2293 375 2354 enim
398 2289 494 2372 ipsius
516 2313 535 2352 a
557 2298 698 2351 creatura
722 2291 826 2351 mundi
849 2312 902 2370 per
926 2311 960 2351 ea
982 2311 1059 2370 quae
1081 2290 1165 2350 facta
1187 2294 1258 2350 sunt
1281 2289 1439 2350 intellecta

295 2380 534 2458 conspiciuntur;
557 2378 743 2458 sempiterna
760 2398 878 2457 quoque
893 2377 993 2438 virtus
1017 2383 1048 2437 et
1070 2377 1228 2451 divinitas,
1251 2381 1287 2436 ut
1308 2376 1372 2436 sint
1394 2376 1438 2436 in-

296 2466 491 2539 excusabiles
503 2465 649 2545 qniacum
662 2465 880 2543 cognovissent
891 2464 989 2542 deum,
1012 2485 1073 2524 non
1088 2465 1167 2525 sicut
1182 2463 1269 2524 deum
1288 2459 1439 2541 glorifica-

296 2559 407 2614 verunt
424 2553 478 2614 aut
487 2552 606 2631 gratias
617 2558 752 2630 egerunt,
770 2552 822 2612 sed
831 2559 1019 2613 evanuerunt
1030 2551 1063 2611 in
1075 2551 1316 2628 cogitationibus
1335 2549 1441 2610 suiset

179 2645 180 2650 ’
261 2653 287 2696 25
297 2643 489 2702 obscuratum
504 2645 551 2699 est
563 2639 710 2718 insipiens
722 2659 774 2701 cor
785 2659 887 2700 eorum
895 2659 903 2711 ;
923 2638 1056 2698 dicentes
1069 2637 1148 2697 cuim
1162 2658 1193 2698 se
1208 2657 1273 2698 esse
1286 2637 1440 2715 sapientes
1547 2705 1550 2712 Ι

296 2727 384 2788 stulti
406 2726 483 2787 facti
513 2731 586 2786 sunt
617 2733 647 2786 et
670 2730 867 2786 mutaverunt
895 2725 1025 2803 gloriam
1055 2723 1299 2802 incorruptibilis
1329 2723 1378 2783 dei
1408 2723 1441 2782 in

297 2814 529 2874 similitudinem
557 2812 701 2890 imaginis
739 2810 949 2891 corruptibilis
987 2811 1120 2871 hominis
1159 2817 1190 2870 et
1219 2811 1377 2872 volucrum
1410 2815 1442 2870 et

297 2900 525 2980 quadrupedum
542 2905 574 2959 et
596 2899 799 2978 serpentinm’,
821 2935 864 2944 -
886 2898 954 2978 quis
978 2899 1101 2958 obiecta
1115 2896 1289 2958 divinarum
1312 2896 1441 2975 scriptu-

367 3085 539 3223 ssepistulis]
559 3085 654 3154 epulis.
833 3085 955 3154 12ydol.]
975 3103 996 3139 s.
1016 3087 1084 3139 oben
1101 3086 1143 3150 40,
1163 3086 1192 3149 9;
1210 3086 1252 3150 493
1273 3086 1320 3149 19;
1338 3086 1379 3149 50,
1398 3085 1440 3139 33.

367 3154 421 3206 261
448 3157 626 3208 mutaverunt
651 3154 767 3221 gloriam
785 3153 996 3222 incorruptibilis
1015 3155 1057 3208 dei
1084 3154 1273 3222 imaginem
1296 3154 1324 3207 in
1348 3154 1442 3208 simili-

295 3222 574 3360 {pedilplpgrgienpirlrgniffi
599 3224 649 3276 des
667 3223 783 3290 richtige
803 3222 932 3290 ‘gloriam’
951 3223 988 3277 ist
1006 3224 1090 3278 durch
1109 3225 1205 3278 Unter-
1216 3224 1272 3277 und
1284 3212 1441 3293 ilberpunk-

386 3467 411 3537 5]
430 3466 529 3521 Wilh.
547 3485 573 3521 v.
593 3466 785 3531 Hirschau,
805 3465 898 3534 Migne
915 3467 972 3530 150,
992 3466 1069 3520 1641:
1098 3467 1160 3520 licet
1183 3467 1312 3519 uirnirum
1337 3471 1362 3518 et
1379 3480 1442 3519 cere

298 3537 371 3591 dccet
388 3553 437 3590 uos
454 3533 620 3590 saecularem
634 3536 836 3604 philosophiam
855 3536 1043 3604 incestipanuo
1062 3553 1159 3588 uturum
1177 3536 1207 3588 iu
1225 3536 1281 3588 luto
1307 3550 1441 3602 quamue,

302 3611 453 3676 aeyyptum
471 3605 596 3674 spoliare,
616 3605 765 3670 odoriferos
780 3604 888 3667 fructus
905 3605 935 3657 in
953 3606 1041 3672 spinis
1052 3620 1169 3674 carpere,
1188 3603 1442 3669 scsstoureueffossum

300 3677 338 3726 iti
360 3675 496 3728 urclolluur
523 3675 560 3726 od
581 3674 808 3742 prrrpotissimum-
832 3675 907 3727 socri
931 3675 1031 3741 eloquit
1056 3675 1210 3726 thesaurum
1239 3674 1441 3735 transferamus

299 3744 420 3799 Seltsam
446 3761 536 3812 genug
562 3741 600 3796 ist
624 3743 760 3811 hingegen
785 3742 827 3796 die
854 3742 883 3796 in
911 3744 972 3797 denr
999 3742 1263 3809 Schweigkomment
1286 3741 1441 3805 Wilhelms,

299 3816 384 3868 const.
403 3813 484 3878 Hirs,
503 3813 596 3879 Migne
616 3812 672 3878 150,
691 3813 741 3866 952
760 3812 915 3865 enthaltene
930 3811 1093 3875 Vorschrift,
1112 3811 1215 3866 welche
1232 3830 1288 3865 von
1306 3812 1374 3874 dem,
1394 3811 1442 3864 der

298 3883 343 3936 cin
360 3881 511 3935 weltliches
521 3881 597 3935 Buch
616 3899 666 3935 aus
685 3883 732 3935 der
750 3880 905 3934 Bibliothek
922 3881 1043 3948 begehrt,
1062 3880 1189 3954 iolgende
1202 3881 1287 3935 Gesta
1298 3880 1440 3947 verlangt:

299 3967 391 4004 acuam
409 3968 468 4004 cum
487 3951 575 4020 dicito
594 3957 693 4018 tompus
710 3951 782 4003 sicut
799 3951 876 4004 conis
894 3966 953 4003 cum
970 3950 1037 4017 pede
1050 3951 1182 4020 guirricus
1199 3952 1272 4014 solet,
1303 3948 1376 4017 qrcod
1394 3964 1442 4002 aec

299 4021 433 4073 immerito
458 4022 510 4073 tuli
534 4020 670 4073 aoirunuti
693 4019 814 4085 infidelis
838 4025 1021 4088 comparatur.
1063 4019 1213 4073 Ahnliches
1241 4018 1310 4072 auch
1336 4019 1364 4072 in
1392 4018 1443 4071 den

300 4090 427 4144 Statuten
444 4090 558 4144 anderer
575 4088 673 4143 Orden.

372 4158 413 4227 12]
433 4176 454 4212 s.
472 4162 557 4212 unten
574 4159 615 4222 72,
636 4159 675 4212 12.

372 4229 482 4296 17-28]
502 4230 629 4296 getreues
654 4227 728 4282 citat
751 4243 800 4278 aus
822 4226 884 4279 dem
901 4225 1073 4278 R'omerbrief
1095 4227 1122 4289 l,
1150 4225 1265 4287 18-23;
1294 4243 1315 4279 s.
1341 4223 1442 4294 jedoch

301 4297 370 4350 oben
379 4297 573 4366 Apparatteill
591 4315 626 4350 zu
640 4297 666 4350 Z.
677 4297 724 4360 26;
744 4294 814 4349 auch
831 4294 959 4358 Abalard,
977 4293 1070 4360 Migno
1081 4295 1137 4359 178,
1158 4294 1224 4348 1169
1243 4295 1270 4347 ff.
1289 4293 1396 4364 spricht
1412 4291 1442 4346 in

302 4365 454 4420 ilhnlichem
474 4365 725 4434 Zusammenhange
743 4382 798 4418 von
817 4364 904 4417 dieser
921 4363 1086 4417 Bibelstelle.
1360 4383 1368 4400 ·
