3316 5170
679 379 896 439 ...63-

218 551 351 612 locorum
384 551 432 609 vel
467 549 603 628 gentium
636 549 848 610 diversitatem
881 571 917 609 ex
945 549 1112 610 contractis
1143 571 1196 628 per
1220 556 1364 628 utrosque

219 637 374 716 principes
398 637 495 714 copiis
519 637 641 714 cogitur
664 643 754 716 poeta
777 637 984 697 demonstrare
1007 636 1138 715 bellique
1161 637 1364 698 crudelissimi

219 723 317 785 scelus
341 723 451 784 seculis
483 725 622 784 omnihus
653 723 826 784 inauditum
856 723 1015 784 ostendere
1044 743 1078 784 ao
1103 744 1156 802 per
1179 724 1236 785 hoc
1258 724 1363 784 valida

218 813 365 872 lectorum
396 811 520 888 ingenia
553 811 699 872 excitare.
742 810 929 871 intentio
958 811 1021 871 eius
1052 817 1100 870 est
1128 810 1219 872 civile
1241 812 1362 883 bellum,

219 900 310 959 immo
333 899 411 976 ‘plus
436 917 525 975 quam
548 897 648 958 civile’
672 898 786 958 bellum
811 897 952 960 omnibus
976 897 1184 975 reipublicae
1207 899 1362 958 consulen·
1386 909 1399 951 5

218 985 303 1046 tibus
327 984 502 1046 dissuadere
524 983 670 1064 pacisque
693 986 775 1063 leges
799 984 942 1063 amplecti
966 991 997 1044 et
1019 984 1206 1045 concordiae.

303 1088 342 1148 Ι).
366 1087 435 1162 Cur,
458 1109 541 1167 rogo,
566 1089 680 1149 bellum
703 1089 781 1149 illud
804 1089 884 1168 ‘plus
910 1107 998 1166 quam
1022 1087 1122 1149 civile’
1146 1087 1293 1150 vocatur?

305 1192 348 1251 M.
371 1192 500 1253 Gemina
525 1189 528 1264 l
553 1193 633 1254 ratio
658 1196 713 1269 est,
737 1194 836 1252 altera
859 1192 979 1269 quidem
1004 1192 1085 1269 quud
1099 1193 1196 1252 frater
1217 1192 1362 1254 adversus
1385 1185 1453 1280 Ἢ

218 1279 359 1351 fratrem,
383 1286 472 1358 pater
495 1279 639 1340 adversus
662 1280 759 1340 filium
783 1285 815 1340 et
837 1285 959 1340 econtra
984 1278 1144 1340 dimicavit
1167 1284 1197 1339 et
1219 1280 1362 1356 cognatio

220 1365 359 1446 diversae
382 1366 481 1443 partis
504 1367 682 1427 vulneribus
706 1367 820 1427 mutuis
844 1366 987 1441 concidit,
1011 1367 1110 1426 altera
1132 1365 1211 1443 quod
1234 1367 1362 1444 populus
1373 1377 1399 1418 10

217 1453 375 1513 Romanus
388 1455 426 1512 ab
443 1453 491 1513 his
505 1454 621 1514 duobus
634 1453 825 1532 principibus
842 1453 960 1513 excitus
984 1453 1022 1513 ad
1037 1473 1171 1531 pugnam
1186 1453 1363 1513 eruentissi-

218 1560 296 1598 mam
327 1540 437 1617 periit,
473 1560 526 1618 per
557 1560 629 1617 quos
661 1543 698 1600 ab
723 1540 863 1601 hostibus
891 1540 1045 1600 extraneis
1068 1539 1269 1600 defensandus
1292 1539 1362 1604 fuit.

218 1627 357 1704 Denique
388 1627 558 1687 finalem
593 1647 740 1687 oausam
769 1629 807 1687 ab
838 1627 1030 1687 immanitate
1059 1648 1170 1699 rerum,
1202 1628 1239 1686 ab
1268 1626 1363 1686 exitio

217 1713 427 1774 dissidentium
443 1714 584 1792 intellige
607 1721 644 1786 et,
669 1735 705 1774 ne
728 1713 823 1774 simili
840 1715 925 1774 modo
948 1733 1062 1793 pereae,
1086 1714 1254 1791 profectum
1277 1720 1362 1773 tuum

219 1821 255 1860 ex
277 1799 408 1861 lectione
435 1801 468 1860 in
498 1801 582 1878 pacis
610 1801 751 1862 custodia
780 1821 867 1879 pone.
916 1801 1051 1860 Maxima
1074 1821 1145 1861 vero
1176 1821 1267 1860 causa
1290 1799 1401 1861 bellilb

218 1887 307 1947 huius
331 1895 405 1962 erat,
429 1887 508 1964 quod
523 1886 617 1948 Cesar
636 1889 751 1948 nullum
775 1889 887 1948 hahere
910 1888 970 1948 sibi
989 1887 1087 1947 voluit
1110 1887 1255 1966 equalem,
1278 1888 1365 1948 Pom·

217 1975 303 2052 peius
335 1975 452 2034 nullum
484 1975 544 2034 sibi
576 1974 677 2035 voluit
709 1977 820 2035 habere
852 1974 1050 2053 superiorem3
1083 1975 1164 2034 alter
1198 1974 1363 2052 triumphis

218 2061 323 2121 multis
347 2061 383 2121 de
406 2061 510 2121 Gallia
533 2067 564 2122 et
588 2061 760 2136 Germania,
783 2062 874 2122 immo
899 2061 935 2122 de
950 2062 1089 2122 omnibus
1109 2061 1173 2122 iere
1196 2061 1363 2122 occidentis

216 2149 358 2226 partibus
375 2149 521 2226 glorians,
545 2149 622 2208 alter
638 2170 673 2210 ex
695 2148 796 2210 officio
810 2150 965 2210 Romanae
987 2149 1161 2227 dignitatis,
1186 2148 1264 2225 quod
1282 2147 1364 2208 vide·

218 2235 290 2295 licet
313 2235 521 2296 nobilissimus
556 2236 616 2296 dux
640 2235 762 2310 extitit,
790 2243 882 2314 caput
909 2236 1057 2298 exaltans.
1103 2236 1211 2314 Itaque
1241 2235 1273 2295 in
1296 2241 1401 2296 eon-20

217 2341 323 2399 gressu
346 2321 459 2384 civium
483 2323 631 2383 acerrimo
647 2321 740 2384 Cesar
754 2323 915 2385 bisviotus
939 2330 1028 2402 terga
1050 2325 1153 2396 vertit,
1177 2323 1272 2382 tercio
1296 2343 1363 2383 con·

218 2429 324 2486 gressu
348 2410 526 2486 Pompeium
550 2409 645 2470 Cesar
667 2411 768 2470 victor
791 2410 928 2488 fugavit,
953 2411 985 2471 in
1010 2430 1069 2488 qua
1092 2411 1163 2488 fuga
1186 2429 1240 2487 per
1263 2429 1362 2487 regem

217 2495 255 2556 ad
279 2516 365 2573 quern
389 2497 571 2574 confugerat
593 2497 747 2558 occubuit.

304 2598 410 2672 Super
433 2598 599 2660 Crucium.
626 2597 729 2666 <D.>
762 2601 808 2660 De
824 2599 930 2661 Oratio
952 2605 987 2660 ut
1010 2600 1108 2660 fertur
1131 2600 1218 2660 lirieo
1242 2606 1273 2659 et
1296 2619 1363 2660 acu·

218 2685 341 2747 tissi'mo
372 2687 571 2764 <satyrico>
607 2707 666 2748 non
701 2687 864 2748 subtrahas
904 2687 983 2765 quod
1013 2687 1137 2760 novisti,
1172 2692 1216 2762 ut,
1248 2687 1275 2746 si
1304 2693 1402 2766 qua2<3

217 2773 360 2835 lectionis
384 2773 448 2834 eius
472 2782 519 2834 est
542 2774 673 2845 utilitas,
696 2781 800 2835 nostro
824 2773 941 2834 serviat
963 2774 1123 2852 profectui.

302 2861 344 2919 M.
367 2861 592 2939 importunitati
626 2865 696 2921 tuae
725 2881 836 2922 morem
870 2882 972 2939 geram
1012 2881 1067 2940 pro
1099 2881 1199 2940 posse,
1234 2859 1364 2938 qualiter
1422 2851 1425 2870 ’“

215 2980 394 2985 ——.—---·-
411 2979 526 2986 ——..

305 3028 329 3098 1]
349 3027 516 3082 diversitate.

216 3135 525 3144 m.u-..—

303 3184 328 3253 4]
347 3184 376 3236 in
394 3184 427 3237 T¹
450 3185 505 3237 und
527 3183 570 3236 bei
588 3185 690 3237 Weber
711 3185 749 3237 ist
774 3187 866 3237 zuerst
890 3184 931 3238 als
955 3183 1070 3238 intentio
1095 3184 1143 3237 der
1168 3183 1263 3236 Phars.
1284 3199 1364 3250 ange-

214 3253 301 3320 geben
327 3253 451 3305 ‘lucidare
469 3253 625 3316 Neronem';
651 3254 723 3306 dann
749 3253 837 3307 heisst
854 3271 884 3307 es
903 3253 1065 3321 allerdings:
1090 3259 1160 3307 recte
1179 3260 1268 3306 autern
1286 3252 1362 3305 iutel-

214 3323 361 3390 lepentibas
379 3321 443 3376 beree
461 3323 522 3375 larua
540 3323 707 3390 uituperatio
725 3329 770 3376 est⁴
790 3329 811 3376 A
823 3324 870 3375 tie'
887 3323 1087 3388 aureradiabat,
1107 3323 1177 3390 quod
1196 3324 1232 3376 sit
1250 3323 1365 3375 intentio

214 3407 266 3444 aaa
288 3391 559 3474 dehortationem
577 3392 654 3456 belle,
733 3469 738 3486 Β

303 3461 755 3598 gplbrqquqmsscqqq's.z¹qbfiplk{}
777 3461 818 3583 id.
837 3530 942 3584 Usener
959 3547 984 3600 p.
1004 3532 1034 3584 9:
1058 3547 1076 3582 a
1100 3529 1248 3598 qualitate,
1271 3537 1364 3599 utpote

215 3600 284 3652 inter
306 3615 433 3668 penarum
458 3605 483 3652 et
506 3616 624 3653 socerum
646 3605 736 3664 ¹aesta,
761 3600 810 3652 abt
833 3605 859 3652 et
880 3599 935 3663 filii
958 3616 1018 3653 enne
1041 3599 1202 3737 parcioribus
1221 3605 1247 3652 et
1262 3601 1362 3662 fratres

216 3667 378 3721 dirrrieauere
404 3686 463 3722 eam
485 3670 623 3734 fratribus
645 3668 711 3737 (vgl.
730 3667 835 3736 Evang.
853 3669 927 3722 Luca
947 3669 986 3732 12,
1006 3669 1038 3722 53
1060 3689 1066 3732 ;
1095 3669 1159 3722 sehr
1184 3667 1294 3722 bhnh'ch
1320 3669 1363 3722 bei

214 3737 314 3790 Weber
333 3737 359 3791 S.
377 3738 406 3802 4,
432 3756 474 3791 wo
498 3738 539 3792 als
564 3741 636 3792 erste
654 3736 811 3806 Erklltrung
833 3738 947 3791 forden
966 3737 1111 3792 Ansdruok
1130 3738 1173 3808 ‘ph
1192 3756 1216 3806 q.
1237 3737 1296 3791 civ?
1317 3755 1362 3791 an·

214 3806 326 3872 geftihrt
343 3806 395 3860 ist:
426 3807 497 3873 quad
512 3810 625 3872 ficerunt
643 3807 683 3859 ibi
701 3823 752 3859 aon
772 3809 856 3860 solam
875 3810 960 3874 cives,
984 3807 1031 3860 sect
1049 3813 1074 3859 et
1092 3814 1236 3860 extraneae
1255 3812 1361 3876 pentem

214 3875 257 3928 bei
267 3875 380 3929 Konrad
391 3877 429 3945 [Z.
442 3876 484 3945 12]
498 3877 605 3930 kommt
617 3875 691 3929 disse
701 3877 885 3943 Begrtindung
903 3895 955 3930 nur
966 3875 1114 3930 verwiseht
1132 3895 1194 3930 zum
1207 3877 1360 3930 Ansdruok.

214 3944 276 4010 Vgl.
296 3943 424 4012 librigens
443 3946 514 4025 auch
532 3945 634 4010 Lukan‚
661 3945 756 3998 Phara.
775 3946 808 4010 Il,
836 3946 885 4000 150
903 3947 922 4000 f.
941 3947 997 4000 und
1014 3945 1108 4010 lsid.,
1128 3965 1165 4000 or.
1185 3947 1282 4012 XVIH,
1304 3947 1363 4012 1‚4

213 4014 373 4162 uuargzqruss·
406 4015 643 4149 uiisiiv'abiiie'.
663 4085 724 4137 adv.
742 4100 803 4152 pag.
820 4084 865 4163 vr,
887 4085 926 4148 15,
947 4084 979 4137 ra
997 4085 1024 4137 ff.
1044 4085 1053 4154 (
1073 4125 1079 4138 .
1098 4085 1148 4138 399
1162 4085 1180 4164 r.
1199 4085 1240 4138 ea
1259 4085 1361 4151 nange-

213 4155 338 4216 merstem
373 4172 398 4223 p.
423 4153 475 4206 400
502 4153 550 4206 das
575 4155 656 4207 Wort
686 4154 882 4222 ‘congress10');
919 4154 1029 4207 Konrad
1054 4102 1132 4207 lanu
1157 4154 1257 4224 Jedoch
1290 4154 1360 4208 auch

214 4238 264 4274 aus
283 4222 334 4274 den
345 4221 565 4275 hukanscholien
583 4222 729 4292 geschbpft
746 4222 840 4287 haben,
860 4222 888 4274 in
904 4221 1026 4276 walchen
1036 4221 1148 4276 Orosius
1167 4222 1275 4292 kopiert
1284 4223 1361 4288 wird,

213 4309 235 4344 s.
255 4289 377 4344 Comm.
396 4293 491 4344 Bern.
511 4291 551 4344 ed.
571 4292 677 4345 Usener
695 4310 729 4344 zu
746 4291 842 4345 Phara
861 4292 906 4357 Vl,
927 4293 949 4345 1.
969 4291 1027 4345 285.
1047 4293 1116 4360 (Vll.
1136 4292 1205 4360 521).

285 4360 433 4429 27inport.]
453 4378 474 4414 s.
494 4361 563 4444 oben
581 4362 622 4425 22,
644 4362 665 4414 1.
725 4360 883 4430 proposse]
903 4378 924 4414 s.
943 4361 1012 4414 oben
1030 4361 1070 4424 22,
1092 4361 1135 4424 11;
1162 4362 1203 4425 33,
1225 4361 1263 4414 18.
