3316 5170
791 411 1001 466 ...44-

320 578 419 638 latina
446 577 553 655 lingua
576 583 607 638 et
629 597 720 655 greca
742 597 809 638 cum
833 583 912 638 esset
935 579 1083 658 Atlante,
1115 600 1152 638 ex
1175 579 1375 640 altercatione
1394 601 1463 659 gen-

320 665 421 726 tilium
445 669 476 724 et
495 663 741 726 Christianorum
764 665 933 726 sententias
949 665 1077 744 collegit
1099 662 1256 726 fabulosas
1279 671 1310 726 et
1332 667 1462 742 divinas,

321 773 394 829 quas
418 771 554 813 reversus
578 751 702 811 Italiam
727 751 917 829 oppositione
938 772 1073 828 congrua
1089 753 1244 832 compegit
1258 753 1291 812 in
1314 754 1462 832 eglogam,

320 839 371 900 sed
390 844 486 900 morte
509 844 692 915 praeventus
723 859 783 899 non
818 839 994 899 emendavit
1022 839 1060 899 ad
1082 859 1212 918 unguem
1236 840 1316 917 quod
1346 861 1463 918 compo·

298 925 391 991 osuit.
436 924 625 999 Quibusdam
655 924 734 984 enim
758 925 894 993 videtur,
924 926 995 1004 quia
1020 925 1117 1000 <in>
1143 932 1310 988 ‘secretum'
1333 927 1462 1006 primam

320 1012 478 1090 corripuit,
501 1017 653 1072 auctorem
677 1012 768 1072 istum
790 1033 916 1087 errasse,
940 1033 1008 1074 cnm
1029 1014 1125 1074 multo
1150 1013 1328 1074 credibilius
1347 1015 1463 1089 <sit>,

320 1099 477 1177 scriptoris
501 1098 581 1158 vicio
604 1099 636 1158 id
659 1098 752 1159 fuisse
776 1106 931 1176 peractum
955 1105 986 1159 et
1009 1107 1157 1161 secretum
1180 1100 1316 1178 posuisse
1339 1120 1394 1178 pro
1418 1121 1464 1160 sa·

320 1193 451 1259 cratum;
479 1185 521 1245 sic
546 1185 624 1245 enim
649 1186 742 1246 babet
765 1185 833 1263 ipsa
855 1187 959 1248 literae
987 1191 1026 1246 ‘et
1042 1187 1209 1248 Troianum
1232 1186 1364 1248 lauderis
1388 1189 1463 1248 scire

320 1272 488 1348 secretum',
518 1291 585 1332 cum
621 1277 684 1331 tam
722 1272 857 1333 ricinum
888 1273 1101 1352 exprimendae
1135 1273 1355 1352 significationi
1386 1281 1464 1334 esset

285 1367 472 1420 resacratum
500 1359 581 1418 sicut
605 1365 764 1422 secretum.
805 1360 1007 1420 Troianorum
1034 1360 1112 1420 enim
1144 1367 1297 1421 sacratum
1327 1361 1464 1421 Palladis

321 1452 387 1506 erat
410 1445 619 1517 simulacrum3
643 1446 715 1523 qnid
739 1467 812 1524 ergo
836 1447 913 1524 ipsis
936 1447 1084 1508 secretins
1108 1468 1196 1525 quam
1221 1447 1300 1525 quod
1330 1453 1396 1508 erat
1419 1469 1464 1509 sa·

321 1533 459 1593 cretius?
489 1533 517 1592 si
549 1531 646 1610 igitur
678 1538 785 1593 auctor
818 1536 876 1594 iste
906 1540 1053 1594 secretum
1083 1535 1297 1613 corripuisset,
1332 1537 1369 1596 ab
1393 1535 1463 1595 aliis

320 1619 411 1680 facile
433 1620 623 1698 praemoneri
645 1619 813 1698 potuisset,
847 1621 956 1681 necin
979 1623 1035 1682 hac
1058 1627 1165 1681 nostra
1187 1621 1360 1683 defensione
1380 1643 1464 1700 prue-

319 1707 462 1767 iuditium
492 1706 666 1767 melioribus
696 1707 836 1781 facimuS,
861 1708 928 1785 qui,
961 1709 1041 1768 sicut
1071 1714 1178 1770 auctor
1208 1710 1325 1770 erravit
1358 1715 1393 1768 ut
1420 1710 1463 1770 eis

284 1809 310 1850 15
320 1794 442 1856 videtur
461 1794 492 1853 in
518 1795 620 1869 verbo,
649 1794 692 1854 sic
719 1794 781 1872 ipsi
803 1800 932 1872 possunt
955 1796 1051 1870 <in>
1072 1795 1201 1870 iudicio;
1225 1816 1315 1874 porro
1337 1798 1463 1867 beatus,

321 1882 450 1959 quinon
473 1880 601 1942 offendit
623 1880 655 1940 in
681 1877 792 1942 verbo’.
816 1917 855 1926 —
880 1881 941 1955 Qui
968 1903 1084 1943 morum
1108 1883 1266 1943 honestate
1287 1888 1319 1942 et
1334 1883 1464 1944 scientia

319 1969 476 2046 praeditus
499 1966 626 2028 clericus
650 1968 736 2039 obiit,
760 1967 867 2028 sedin
892 1989 950 2046 quo
974 1969 1079 2030 ordine
1103 1969 1273 2046 ignoretur.

406 2056 444 2114 D.
467 2054 549 2128 Quid
572 2054 649 2114 dicis
672 2055 833 2133 eglogaml

406 2143 448 2200 Μ.
471 2140 594 2219 Egloge
614 2162 632 2200 a
652 2142 753 2219 capris
766 2147 899 2202 tractum
917 2147 972 2216 est,
988 2143 1075 2219 quasi
1096 2141 1212 2203 diceret
1232 2140 1357 2220 eglogos
1376 2141 1463 2220 quasi

284 2227 462 2305 aocaprinus
486 2248 583 2288 sermo
607 2228 655 2289 vel
679 2229 750 2305 quia
780 2229 815 2288 de
838 2229 1014 2306 pastoribus
1044 2229 1111 2307 agit
1133 2235 1187 2290 aut
1210 2231 1282 2307 qnia
1304 2229 1462 2290 feditatem

321 2315 490 2386 vitiorum,
525 2334 600 2391 quae
630 2334 683 2393 per
713 2317 769 2376 hoc
801 2316 914 2376 animal
944 2315 1139 2394 designatur,
1168 2316 1372 2394 reprehendit.
1418 2317 1464 2378 De

320 2401 493 2462 huiusmodi
517 2402 665 2462 vocabulo
689 2402 782 2462 babes
805 2403 838 2461 in
862 2403 1007 2484 Virgilio,
1034 2403 1155 2465 scilicet
1176 2403 1209 2462 in
1232 2403 1387 2475 bucolicis,
1410 2403 1464 2462 ubi

320 2509 440 2549 carmen
455 2488 609 2566 pastorale
626 2494 761 2563 vocatur,
779 2489 857 2566 quod
870 2509 924 2567 per
937 2490 1065 2568 eglogae
1080 2490 1258 2551 vocabulum
1273 2490 1462 2550 intitulatur.

320 2575 489 2636 Materia
522 2575 672 2636 Theodoli
701 2581 749 2636 est
775 2575 915 2637 collectio
950 2576 1139 2638 diversarum
1171 2578 1391 2638 sententiarum
1424 2579 1462 2636 ab

407 2781 432 2850 8]
452 2781 522 2834 scire
540 2784 685 2834 secretum.
980 2783 1022 2850 23]
1042 2781 1182 2836 vocabulo.

407 2938 467 3007 effi]
488 2938 558 2991 auch
576 2939 662 2991 Anon.
682 2937 770 3001 Mell.‚
798 2936 878 2989 Bern,
898 2937 969 3007 Traj.
989 2955 1014 2989 u.
1034 2937 1463 3005 T1T2erhebenTade1gegen

320 3007 393 3060 diese
418 3007 446 3059 in
464 3007 496 3060 V.
516 3007 566 3060 320
593 3009 641 3060 der
664 3006 758 3072 ecloga
781 3005 993 3059 vorkommende
1020 3007 1151 3074 Messung
1179 3007 1237 3059 ‘Dic
1267 3011 1294 3060 et
1317 3007 1463 3060 Troianum

319 3077 437 3129 lauderis
456 3076 525 3129 scire
544 3076 695 3138 secretum,
715 3074 784 3128 ohne
801 3074 900 3144 jedoeh
918 3075 976 3128 eine
988 3075 1140 3196 Konsppktur
1158 3076 1326 3142 beizufr'igen,
1346 3077 1396 3129 wie
1415 3077 1462 3133 sie.

319 3145 427 3199 freilich
450 3145 501 3198 mit
518 3144 606 3211 wenig
625 3144 728 3206 Gliick,
753 3161 807 3196 von
825 3143 936 3197 Konrad
954 3162 1052 3197 versuo
1073 3148 1085 3197 t
1102 3146 1177 3198 wird.
1214 3145 1369 3198 Bernardus
1387 3144 1464 3198 flicht

319 3215 398 3267 einen
415 3214 486 3267 Vens
505 3231 554 3266 aus
565 3213 635 3266 Ovid
653 3213 696 3266 ein
715 3214 836 3282 (metam.
851 3213 874 3276 2,
889 3213 957 3281 556),
976 3213 1004 3266 in
1022 3213 1153 3267 welchem
1172 3217 1280 3267 secreta
1297 3215 1461 3267 vorkomnit.

391 3282 673 3352 1⁶]B1ieflacobi
695 3281 725 3346 3,
752 3283 781 3334 2:
809 3282 835 3334 sl
859 3283 921 3350 qais
944 3284 973 3334 e'a
996 3283 1076 3336 aerbo
1100 3300 1152 3336 aaa
1179 3283 1303 3349 offendit,
1330 3284 1465 3351 perfectas

319 3359 358 3406 cst
375 3353 426 3404 atr.
1290 3405 1291 3410 1

391 3422 431 3491 16]
452 3422 559 3474 Anon.
578 3420 682 3484 Mell,
709 3420 804 3473 Bern.
824 3419 927 3489 Traj.,
953 3420 987 3472 Τ1
1005 3420 1039 3472 Τ2
1057 3420 1158 3474 haben:
1183 3427 1239 3474 tane
1257 3436 1360 3473 aeteram
1382 3437 1464 3489 quam

319 3491 449 3544 scientiae
466 3491 602 3543 laoaestote
619 3489 764 3557 praeditae
781 3489 830 3541 aab
849 3488 972 3542 clericali
990 3506 1083 3542 ezorraa
1104 3490 1179 3555 otia,
1208 3489 1277 3543 alme
1297 3491 1348 3543 den
1365 3491 1462 3544 Zusatz

320 3560 422 3614 ‘sedin
458 3579 492 3614 uo
511 3558 603 3612 ordine
621 3558 777 3626 ignoratur’.

392 3630 433 3697 19]
481 3646 548 3682 ern.
572 3628 674 3698 Trai:
699 3628 794 3696 eplcpa
817 3627 947 3695 acaprio
969 3632 1086 3680 tractam
1112 3634 1164 3692 eat,
1190 3629 1270 3695 arraei
1289 3628 1391 3680 eliceret
1407 3628 1463 3695 epla

321 3698 394 3766 lopas
412 3698 482 3751 e'eleet
500 3699 631 3766 caprinas
648 3712 733 3750 sermo
752 3697 812 3766 (erut
829 3697 895 3765 qaia
915 3696 947 3749 de
966 3697 1059 3766 capris
1077 3699 1146 3767 apel)
1165 3703 1213 3750 aul
1238 3697 1304 3764 qaia
1324 3696 1463 3761 feditatem

319 3767 454 3820 ciclorum-
476 3783 544 3835 qreae
567 3782 615 3835 per
638 3766 687 3819 boc
712 3767 816 3818 aalaral
838 3766 999 3834 designatur
1021 3766 1209 3834 repaebeaelr'l3
1236 3767 1361 3820 aorraulli
1383 3766 1463 3819 etiam

320 3837 432 3906 eyloyoa
451 3836 586 3906 (ἑκλογεῖον
599 3836 617 3904 l)
634 3850 730 3905 praeeo
749 3835 833 3888 latiare
851 3835 1010 3889 eaerce'tiam
1021 3836 1243 3904 interpretantur,
1263 3837 1329 3903 aeria
1347 3832 1464 3889 collectis

319 3905 442 3959 historiis
467 3911 492 3959 et
512 3905 617 3972 sabulis
652 3905 744 3958 arerrlta's
780 3910 964 3973 componatur.
1018 3905 1083 3959 Dies
1110 3906 1148 3959 ist
1176 3905 1227 3958 mit
1255 3904 1464 3972 geringftigigen

318 3974 469 4029 Varianten
488 3976 558 4044 (uel
576 3975 642 4044 qaia
661 3973 692 4026 ule
712 3989 732 4027 c.
753 3975 819 4041 ape't’
839 3973 919 4041 fehlt)
938 3973 1008 4026 auch
1025 3991 1079 4027 von
1098 3975 1159 4027 dem
1178 3975 1264 4026 Anon.
1278 3974 1351 4026 Mell.
1372 3973 1463 4039 aufge·

319 4062 446 4097 nommen
467 4046 584 4099 worden.
627 4043 737 4105 Kdrzer,
760 4041 808 4096 hat
832 4043 879 4096 Tl:
913 4043 1008 4111 eplopa
1031 4061 1048 4095 a
1071 4043 1164 4112 capris
1188 4048 1305 4097 tractam
1331 4048 1385 4106 est,
1409 4041 1463 4110 eple

318 4128 413 4180 praece
432 4129 518 4183 capra
537 4114 629 4176 latiae,
648 4114 722 4181 topos
739 4127 835 4177 praece
854 4113 900 4165 lat,
919 4127 1010 4176 sermo,
1029 4111 1101 4164 attede
1121 4113 1214 4181 eplcpa
1234 4113 1367 4182 caprinas
1379 4125 1463 4165 serato

320 4181 359 4251 (in
377 4181 411 4234 Τ2
430 4183 501 4236 nach
520 4183 619 4236 ‘unde’:
639 4182 813 4251 ripaealtae).

390 4251 433 4320 24]
452 4252 549 4305 Bern.
569 4251 671 4321 Traj.:
690 4250 836 4304 secandam
854 4265 919 4318 quos
936 4251 1083 4303 sententiae
1101 4268 1117 4303 a
1139 4250 1274 4304 Thecalalo
1293 4251 1406 4304 collatae
1423 4249 1465 4302 ael

319 4319 397 4386 ipsae
415 4326 546 4374 certantes
566 4337 696 4388 personae
719 4320 783 4372 libri
805 4320 888 4372 llatae
910 4321 1024 4373 aaraleau'a
1051 4321 1107 4373 diet
1125 4327 1255 4389 passerum
1284 4320 1341 4373 fast
1364 4320 1463 4372 ebenso

320 4389 354 4443 Τ1
372 4389 406 4442 Τ2
425 4389 591 4457 (gleichfalls
611 4391 730 4454 collatae,
750 4389 826 4442 nicht
845 4389 987 4457 collectae).
