3316 5170
660 364 871 422 ..45-

189 533 256 610 ipso
279 534 459 594 collatarum
483 535 531 595 vel
554 536 638 612 ipsae
662 539 813 594 certantes
837 553 983 612 personae
1005 533 1138 609 pseustis
1163 539 1194 592 et
1214 533 1334 593 alathia

190 641 264 697 quas
287 621 465 684 introducit.
512 621 687 681 Intentio
710 627 758 680 est
788 641 892 681 sacrae
914 620 1046 698 paginae
1068 622 1232 680 veritatem
1256 641 1333 680 com·

190 707 330 767 mandare
354 713 385 768 et
407 706 582 768 fabularum
606 716 776 769 commenta
799 706 982 780 dissuadere,
1005 726 1065 767 non
1088 707 1207 784 quidem
1223 712 1333 768 utnon

190 795 343 872 legantur,
367 794 418 854 sed
440 815 477 854 ne
499 795 596 855 lectae
619 795 782 856 credantur
804 795 852 854 vel
876 795 908 854 in
931 800 1032 854 actum
1057 796 1290 856 transferantur.

277 881 315 940 D.
338 880 439 954 Quare
461 887 589 942 vocatur
611 881 743 942 intentio
766 900 837 958 pars
859 881 921 941 ista
943 880 1126 940 scribentis?
1343 893 1356 936 5

276 968 318 1026 Μ.
341 968 469 1028 Paleare
491 967 607 1045 pondus
631 969 704 1029 haec
726 967 887 1045 inquisitio
911 973 966 1028 tua
989 968 1089 1029 hahet.
1129 963 1264 1027 Intentio
1288 971 1334 1026 cst

190 1053 334 1132 cuiusque
351 1054 508 1134 scriptoris
526 1055 639 1130 <vel>
656 1055 800 1132 cuiusque
823 1055 976 1134 loquentis
989 1053 1036 1114 vel
1049 1053 1167 1132 aliquid
1179 1053 1333 1131 operantis
1431 1047 1434 1053 “

189 1141 317 1200 affectus
345 1143 439 1204 animi
466 1141 549 1202 circa
583 1143 678 1220 ipsam
703 1142 862 1202 materiam
892 1148 947 1202 aut
976 1141 1075 1202 oratio
1106 1161 1183 1219 quae
1203 1141 1334 1200 maxime

189 1233 321 1288 mentem
351 1228 486 1289 intendit
514 1230 594 1289 libro
630 1229 768 1307 legendo.
813 1231 909 1290 Porro
939 1228 1163 1289 utilitatem
1187 1233 1333 1305 quaeest

191 1314 400 1389 <veritatis>
425 1314 562 1394 cognitio
594 1322 624 1377 et
646 1322 748 1378 rectae
770 1316 840 1376 fidei
863 1316 1053 1377 confirmatio
1073 1315 1106 1375 in
1132 1315 1246 1376 lectore
1268 1326 1369 1375 ver-10

190 1401 251 1461 sari
275 1402 469 1462 manifestum
493 1408 549 1464 est.
580 1403 754 1464 Introducit
775 1410 876 1464 autem
898 1402 1070 1463 Theodolns
1093 1402 1168 1462 duas
1190 1421 1333 1480 personas

189 1488 386 1565 altercantes,
410 1489 537 1550 terciam
553 1489 590 1550 de
609 1490 735 1551 duarum
757 1487 847 1551 dictis
864 1490 1062 1564 iudicantem;
1079 1489 1130 1566 qui
1151 1495 1183 1548 et
1209 1488 1333 1549 nomina

189 1574 233 1634 eis
258 1578 296 1634 ab
320 1582 391 1637 actu
414 1576 568 1653 imposuit,
592 1583 627 1637 ut
649 1577 794 1637 carminis
817 1577 889 1638 ordo
912 1575 1062 1654 poposcit.
1108 1575 1213 1636 Prima
1234 1575 1333 1654 igitur

188 1681 317 1738 persona
339 1663 469 1740 pseustis
493 1669 541 1722 est
564 1683 582 1722 a
604 1664 743 1724 falsitate
774 1683 863 1741 quam
887 1663 1019 1742 ingerit,
1051 1662 1183 1724 secunda
1213 1661 1332 1723 alathia

189 1749 261 1824 quia
275 1749 437 1810 veritatem
454 1747 715 1834 defenditltcrcia
734 1751 864 1811 fronesis
881 1771 901 1810 a
913 1749 1078 1828 prudentia
1100 1749 1173 1827 quia
1187 1769 1241 1828 per
1264 1770 1329 1810 eam
1340 1761 1366 1804 15
1379 1757 1447 1802 Brea

188 1835 298 1896 dubiae
321 1856 368 1897 res
391 1837 615 1902 examinantur.
650 1835 718 1915 lpse
734 1843 837 1898 autem
853 1838 1027 1898 Theodolus
1044 1837 1132 1915 quasi
1152 1837 1201 1898 dei
1223 1857 1329 1896 servas
1403 1809 1433 1853 ⁹⁰

188 1920 237 1982 vel
262 1923 439 1984 Theodorus
463 1923 511 1984 dei
535 1924 689 2001 inspector
711 1923 833 1984 dicitur.

274 2010 313 2068 1).
333 2010 494 2088 Proprium
528 2011 648 2088 quidem
682 2017 729 2072 est
758 2031 846 2072 servo
881 2010 930 2071 dei
958 2010 1121 2072 veritatem
1152 2031 1171 2070 a
1193 2011 1333 2072 salsitate

188 2094 374 2169 discernere,
399 2103 433 2157 ut
462 2099 572 2158 ‘omnia
594 2099 717 2176 probet,
742 2098 822 2176 qaod
845 2100 954 2159 bonum
978 2103 1025 2158 est
1046 2100 1164 2174 teneat,
1189 2099 1227 2158 ab
1250 2099 1332 2159 omni

188 2183 288 2260 specie
311 2183 392 2243 mala
415 2185 592 2245 abstineat.
1268 2224 1270 2228 s
1340 2195 1367 2240 20

276 2387 400 2456 1collat]
420 2387 603 2442 collectarum.
770 2437 772 2444 .
809 2387 989 2458 autinactem]
1007 2388 1121 2443 utilitas.

258 2457 301 2524 2Ο]
320 2474 370 2509 vor
390 2457 504 2511 ‘abstin’
522 2457 559 2511 ist
579 2458 623 2511 ‘se’
643 2457 749 2526 getilgt.

276 2610 302 2679 2]
321 2611 416 2663 Bern.
436 2611 538 2680 Traj.:
565 2611 677 2664 intentio
695 2625 791 2664 sacrae
808 2610 962 2678 scripturae
979 2611 1119 2664 aer-itatem
1138 2611 1329 2675 eonaraeadara,

187 2679 328 2748 perititiam
353 2695 415 2732 cero
439 2679 534 2733 rreaias
558 2680 718 2748 dampnare,
742 2695 795 2732 noa
817 2679 926 2747 quidem
949 2685 981 2732 at
1003 2695 1058 2732 aon
1083 2681 1215 2750 loquutur,
1233 2680 1280 2733 aad
1298 2697 1330 2734 aa

188 2749 269 2802 tectae
294 2748 440 2802 credantur
464 2749 504 2802 ael
527 2750 557 2801 ia
575 2755 665 2803 aetam
683 2748 887 2811 transferantur
905 2749 971 2817 [vgl.
990 2749 1116 2813 Boeth.,
1142 2766 1215 2802 cons.
1236 2750 1275 2814 11,
1296 2750 1330 2803 23

188 2817 228 2870 ed.
247 2817 353 2888 Paiper:
378 2819 525 2879 transferre
551 2819 580 2870 ia
599 2817 717 2887 actam];
749 2835 784 2871 an
808 2819 921 2871 andercr
941 2817 1023 2871 Stella
1041 2817 1100 2885 gibt
1117 2819 1217 2872 Bern.
1237 2819 1304 2872 Tra
1309 2819 1329 2889 j.

188 2886 287 2940 ebenso
305 2886 357 2940 wie
376 2887 409 2940 T¹
428 2886 462 2940 Τ2
480 2888 522 2941 als
539 2887 653 2941 intentio
672 2905 723 2940 aa:
754 2891 875 2952 ,taratara
899 2887 1061 2941 catholicam
1085 2887 1259 2942 traditionem
1284 2905 1329 2942 eor·

187 2956 276 3010 uellere
301 2955 416 3010 ostendit
439 2957 523 3010 ritum
547 2957 671 3026 paritatem
694 2962 824 3024 quantam
848 2957 955 3011 accedit
978 2957 1081 3010 ceritas
1095 2958 1276 3021 falsitatear“;
1296 2989 1329 2996 —

187 3024 310 3077 Honor.
330 3025 471 3093 August.
490 3027 536 3091 III,
557 3026 603 3079 13:
623 3027 741 3094 eatopam
757 3044 810 3076 »a
828 3025 858 3077 in
877 3042 932 3094 arra
949 3025 1090 3080 ceritatem
1110 3027 1176 3092 fidei
1199 3029 1329 3094 astruxit,

182 3094 318 3162 perfidiae
333 3095 483 3158 falsitatem
502 3095 646 3149 destraait.

277 3164 353 3231 6-9]
381 3165 479 3217 Bcrn.
503 3164 606 3234 Trai:
641 3163 754 3217 iateatio
777 3169 817 3217 eat
840 3163 952 3228 affectus
976 3165 1063 3219 aairai
1088 3165 1163 3218 circa
1188 3167 1329 3219 materiam

186 3231 228 3286 ael
245 3233 334 3286 oratio
353 3249 422 3300 qaae
440 3234 561 3285 animam
578 3235 694 3287 mraxime
713 3232 831 3286 irrteadr‘t
848 3233 918 3286 lib-ro
936 3233 1054 3302 tepeado.

256 3301 282 3370 9]
310 3301 521 3371 Bern.Traj.:
545 3303 661 3368 utilitas,
681 3318 748 3370 qaae
767 3308 804 3356 est
828 3303 954 3356 ueritatis
972 3304 1096 3372 copulato
1115 3309 1140 3356 et
1157 3309 1246 3358 rectae
1262 3305 1330 3370 pidet

187 3369 363 3435 corrfirmatie,
382 3373 412 3424 ia
430 3371 534 3424 lrcmiae
551 3373 669 3425 maxime
692 3377 830 3436 uersatur;
857 3371 943 3425 ’11Τῖ
965 3389 1051 3440 sagea
1074 3392 1128 3427 von
1152 3374 1200 3426 der
1223 3373 1329 3428 utilitas

187 3439 235 3518 des
252 3439 388 3519 Thecdul:
413 3441 473 3494 atil.
494 3446 547 3505 est,
572 3447 604 3494 at
625 3440 853 3521 camaiderimas
870 3441 970 3494 uictam
988 3443 1155 3497 sacerrmbere
1172 3443 1328 3508 salsitatem,

186 3509 990 3647 ²²²⁸“l1lll3d'dtaltiattitulatam
1010 3594 1142 3648 persana
1169 3581 1329 3635 arratam

186 3651 210 3699 et
228 3647 337 3699 tertiam
361 3648 394 3699 de
418 3647 536 3701 daaram
561 3648 645 3704 dietis
667 3648 880 3714 diiudiaeatem,
905 3649 1022 3716 priorum
1043 3663 1142 3702 uocans
1162 3651 1287 3717 pserratia
1310 3667 1328 3703 a

182 3715 306 3780 falsitate
331 3716 446 3778 dictam,
471 3717 590 3771 hamana
608 3725 634 3772 et
652 3718 780 3783 tabidosa
800 3723 1022 3788 praeponentem,
1040 3718 1185 3772 arcaturiam
1203 3718 1328 3773 alithiam

186 3783 284 3838 diuina
302 3791 328 3838 et
344 3801 409 3839 aera
426 3793 613 3854 opponentem,
639 3788 746 3840 tertiam
761 3787 917 3856 phronesim
935 3804 953 3840 a
968 3787 1119 3857 prurientia
1142 3787 1256 3852 dictam,
1276 3805 1329 3858 per

185 3869 266 3921 arram
285 3854 370 3907 dabla
396 3856 597 3912 examinantur.
621 3887 652 3894 —
676 3857 710 3910 Τ1
728 3856 776 3911 Ti:
800 3857 1012 3911 introducantur
1033 3857 1078 3910 laic
1103 3856 1174 3910 darae
1196 3873 1327 3925 personae

181 3927 282 3990 preerat.
300 3929 326 3976 et
344 3923 426 3978 elath.
445 3925 543 3992 quibas
560 3927 626 3980 haec
639 3927 748 3980 aorairm
760 3926 823 3980 berre
835 3927 1004 3982 conveniant.
1034 3926 1089 3980 Der
1101 3926 1173 3979 darm
1182 3926 1327 3994 folgenden

185 3991 342 4045 schlechten
360 3992 532 4063 Etymologie
549 3995 594 4048 fltr
612 3993 718 4071 ἀλήθεια
734 3996 800 4049 “ali
817 3995 911 4049 hebreo
923 4011 1039 4049 sermone
1051 3995 1159 4061 uer-itas,
1172 3996 1249 4049 thia
1262 3997 1327 4050 deas

185 4059 305 4114 dicitur’'
324 4061 431 4116 anthalt
448 4062 506 4116 sich
525 4064 642 4117 Konrad.

257 4129 299 4199 16]
319 4130 407 4198 Sigb.
427 4131 556 4186 Gcmbl.
585 4134 636 4188 134
654 4134 771 4188 erkltrt:
798 4134 851 4186 ‘dei
869 4135 983 4198 aar·aaa’;
1011 4134 1045 4187 Τ1
1063 4133 1098 4187 Τ2
1122 4135 1206 4188 denkt
1230 4152 1327 4190 ausser

185 4199 237 4252 ‘dei
255 4200 359 4253 servus'
384 4200 454 4254 auch
477 4219 512 4254 an
537 4201 631 4256 ‘theos’
655 4205 709 4256 und
734 4204 828 4258 ‘dolus’
850 4229 879 4250 =
899 4205 989 4270 fraus,
1021 4204 1095 4271 ‘quia
1114 4203 1146 4256 de
1165 4205 1278 4258 ueritate
1301 4211 1326 4258 et

181 4268 304 4333 falsitate
323 4270 441 4323 tractut’.

257 4337 298 4407 19]
317 4338 337 4391 Ι.
352 4338 451 4393 Thess.
470 4341 493 4403 5,
513 4341 554 4393 21.
573 4340 614 4394 22.
