3316 5170
762 321 973 380 ..35-

178 519 180 526 ·
289 492 433 553 nimirum
456 491 602 552 astutiam
625 491 689 552 eius
713 490 827 553 bestiae
850 511 1038 569 comparans.
1081 491 1125 550 Et
1151 489 1183 549 in
1211 492 1289 551 hunc
1313 491 1433 551 modum

291 579 389 640 mults
419 579 534 658 reperis
565 579 596 638 in
621 579 791 656 scriptura,
826 578 880 638 ubi
906 598 954 638 res
983 577 1179 638 insensibiles
1209 577 1377 638 flectuntur
1396 579 1433 638 cd

293 667 445 728 hominum
470 686 567 726 mores
592 665 764 726 sivebonos
788 685 840 725 scu
864 665 966 735 melos,
990 671 1025 724 ut
1048 685 1083 725 ex
1103 664 1330 742 comparatione
1354 685 1435 725 crea-

178 766 242 811 Blatt
254 759 378 814 ceturae
400 753 555 814 inferioris
567 757 673 830 pateat
690 757 781 812 aucte
794 752 842 813 vel
856 752 968 812 amissa
980 751 1084 829 gratie
1096 759 1224 811 naturae
1243 751 1417 829 superioris.
1429 748 1431 834 4

269 853 282 892 ὁ
377 841 418 900 1).
439 840 486 900 De
509 839 733 900 intentione
756 838 820 898 eius
844 839 948 916 aliqua
971 840 1123 900 subnecte.

377 929 421 987 M.
443 927 492 986 Ex
514 927 584 1004 ipsc
614 926 742 986 materie
765 931 852 1003 patet
875 926 1008 986 auctoris
1031 925 1177 1002 intentio,
1207 923 1278 1002 quic
1300 943 1355 1003 per
1378 924 1434 985 hoc

292 1035 366 1092 opus
400 1013 496 1074 variis
531 1019 719 1091 compactum
755 1013 910 1090 figmentis
944 1011 1045 1073 voluit
1083 1018 1114 1072 et
1146 1011 1296 1072 delectare
1341 1011 1436 1070 homi·

291 1121 421 1179 numque
444 1105 584 1160 naturam
608 1100 695 1177 quasi
717 1099 847 1160 rationis
875 1104 1029 1177 expertem
1059 1119 1097 1160 ex
1120 1100 1278 1159 brutorum
1301 1097 1435 1157 animan·

292 1187 369 1248 tium
382 1186 544 1248 collatione
567 1187 605 1247 ed
629 1207 660 1246 se
684 1206 835 1251 revocare.
865 1185 995 1247 Causa
1018 1185 1168 1246 finalis
1191 1185 1333 1250 lectionis
1357 1185 1436 1244 fruc·

257 1288 283 1331 10
293 1279 343 1334 tus
366 1280 422 1334 est.
726 1319 733 1343 ,.

378 1361 418 1420 l).
442 1361 536 1421 Miror
559 1379 617 1437 quo
637 1366 773 1438 tempore
784 1360 908 1421 Faunus
932 1359 992 1419 iste
1013 1359 1149 1436 gentium
1167 1359 1256 1419 silvis
1275 1357 1435 1438 prodierit.

378 1442 485 1519 Super
513 1445 694 1508 Aviunum.
717 1448 760 1508 M.
802 1447 948 1526 Sequitur
977 1446 1117 1506 Avienus
1145 1446 1177 1506 in
1207 1466 1333 1506 escensu
1368 1465 1436 1523 par-

221 1539 233 1553 *
291 1534 431 1595 vulorum
456 1539 487 1594 et
507 1534 592 1595 velut
615 1534 646 1593 in
670 1533 768 1612 gradu
791 1533 933 1595 lactentis
956 1532 1107 1594 infantiae
1122 1533 1239 1611 positus
1257 1552 1358 1593 eorum
1382 1531 1436 1609 qui

292 1620 424 1681 solidum
453 1620 553 1681 cibum
588 1620 719 1682 nondum
751 1627 879 1699 possunt
913 1640 1021 1698 capere
1053 1640 1107 1680 nec
1137 1620 1235 1681 adhuc
1253 1618 1435 1696 'disciplinis

258 1723 284 1764 15
293 1708 496 1770 validioribus
519 1714 676 1768 auctorum
700 1708 848 1768 maiorum
871 1728 992 1786 operam
1016 1707 1098 1768 dere.

380 1795 419 1854 Ι).
442 1795 487 1854 De
511 1796 567 1855 hoc
590 1794 687 1872 igitur
709 1795 813 1873 eliqua
836 1796 953 1855 resolve
977 1800 1008 1870 et
1035 1814 1122 1871 quem
1145 1793 1213 1871 quis
1225 1791 1436 1870 praecesserit,

295 1902 332 1940 en
356 1883 496 1957 Hesopus
519 1881 676 1943 Avicnum
699 1903 737 1941 cn
761 1882 814 1943 iile
836 1882 940 1957 istum,
965 1881 1103 1943 ostende.

299 1995 301 1999 ’
380 1969 423 2028 M.
446 1969 561 2028 Neuter
584 1969 690 2030 horum
713 1968 828 2046 primus
849 1968 992 2029 inventor
1015 1971 1062 2028 est
1083 1966 1265 2040 fabularum,
1289 1964 1340 2026 sed
1356 1965 1436 2024 Alti-

284 2059 364 2116 'mon
386 2054 597 2116 Crotoniensis
620 2056 750 2132 primum
782 2056 815 2116 in
838 2055 978 2116 texendis
1001 2054 1114 2115 fabulis
1145 2054 1243 2113 fertur
1265 2051 1437 2122 laborasse;

260 2142 416 2203 colaboret
438 2143 517 2202 enim
541 2142 638 2203 omnis
662 2143 714 2220 qui
736 2143 871 2221 loquitur
895 2141 1091 2203 mendacium.
1128 2139 1223 2211 Quem
1246 2144 1367 2200 secutus
1390 2146 1438 2197 est

295 2229 442 2307 Hesopus
466 2230 618 2307 Hesopum
635 2230 786 2304 Avienus,
811 2229 863 2289 sed
886 2229 1007 2306 utrique
1031 2227 1239 2306 praestantior
1260 2231 1368 2304 utpote
1390 2245 1438 2285 ea-

296 2316 430 2376 thclicus
461 2322 492 2376 et
522 2316 554 2375 in
577 2337 669 2399 prosa
693 2317 743 2376 vel
776 2322 872 2377 metro
895 2315 1009 2395 optime
1032 2315 1179 2375 eruditus.
1233 2311 1437 2376 Considerens

294 2408 396 2463 autem
419 2402 498 2464 idem
515 2403 577 2462 suis
601 2404 792 2481 temporibus
813 2423 909 2464 mores
929 2403 1083 2464 hominum
1098 2392 1291 2478 praecedenti
1310 2419 1437 2478 genera-

294 2489 374 2550 tioni
402 2490 660 2550 inconstantiores
695 2497 725 2551 et
754 2490 987 2565 insolentioreS,
1017 2487 1255 2568 praesumptivis
1285 2487 1438 2546 mentibus

259 2591 285 2634 25
295 2577 524 2654 comparatione
547 2578 677 2654 quedem
701 2577 831 2654 primum
856 2578 984 2638 obvians
1008 2597 1082 2654 opus
1106 2575 1189 2635 istud
1213 2573 1370 2650 explicuit,
1393 2572 1437 2632 iu·

294 2663 441 2741 cipiensa
457 2664 569 2724 femina
583 2665 706 2742 perfide,
725 2665 797 2743 quic
813 2664 911 2726 onmis
925 2684 1013 2741 quam
1028 2661 1148 2740 patitur
1162 2681 1257 2740 genus
1273 2662 1435 2720 humanum

383 2868 409 2937 2]
427 2870 493 2922 iiber
511 2869 645 2939 scripture
663 2868 739 2922 steht
757 2868 809 2921 ‘vel
827 2869 872 2921 ris’
892 2868 928 2938 (d.
946 2868 972 2921 h.
992 2867 1154 2937 scripturis).

383 2937 534 3006 sanatoris]
554 2938 777 2992 auctore-eine
795 2937 823 2990 in
841 2937 893 2990 den
910 2938 975 2990 Hss.
994 2937 1036 2990 oft
1052 2934 1265 2989 vorkommende
1277 2933 1435 2988 Verwechs-

294 3008 360 3075 lung
379 3008 427 3060 der
444 3007 489 3060 fiir
507 3007 549 3060 die
568 3007 640 3060 Silbe
660 3007 699 3060 ‘is’
718 3007 868 3060 dienenden
885 3007 1053 3072 Abkiirzung
1071 3005 1122 3059 mit
1140 3005 1200 3057 dem
1219 3004 1331 3058 Buchst.
1351 3003 1390 3056 ‘e'.

367 3077 433 3130 19in
452 3076 587 3145 texendis]
606 3076 644 3130 ist
663 3075 832 3130 ‘intexendis'
852 3093 886 3128 zu
904 3075 1003 3128 lesen?

384 3271 395 3308 7
428 3265 484 3332 vgi.
504 3265 571 3318 oben
590 3282 623 3316 zu
641 3263 682 3327 33,
702 3264 734 3316 27
753 3263 771 3316 f.
1188 3317 1202 3330 υ

367 3340 394 3378 11
429 3334 477 3387 uuf
493 3334 535 3386 die
553 3333 582 3386 in
600 3333 697 3386 ‘miror'
717 3331 937 3398 liegendeFrcge
955 3331 1025 3384 nach
1044 3331 1091 3383 der
1110 3331 1168 3384 Zeit
1183 3331 1273 3398 Asops
1290 3329 1358 3382 wird
1377 3328 1437 3381 uiso

295 3405 372 3460 nicht
390 3405 584 3470 geantwortet;
603 3403 658 3468 vgl.
678 3405 761 3454 unten
780 3402 820 3463 51,
840 3401 864 3454 2.

367 3479 396 3515 1³
430 3489 451 3525 s,
471 3473 538 3525 oben
557 3490 590 3525 zu
608 3472 649 3536 21,
671 3471 715 3534 lo;
735 3471 775 3534 28,
797 3471 840 3534 193
860 3470 900 3535 31,
922 3471 961 3522 15.

367 3548 397 3585 16
429 3560 450 3595 s.
471 3542 539 3594 oben
557 3559 590 3594 zu
609 3540 649 3604 26,
668 3542 698 3604 4;
717 3540 758 3604 27,
779 3539 802 3592 3.

368 3613 409 3680 16]
429 3611 490 3679 quis
508 3613 577 3664 stutt
595 3613 656 3663 uter
673 3610 710 3662 ist
727 3608 756 3661 in
774 3609 821 3661 der
839 3607 1015 3662 mittelalterl.
1029 3607 1161 3660 Latinitet
1178 3604 1354 3660 bekanntlioh
1373 3603 1437 3657 sehr

296 3682 409 3818 banfilgi]
429 3750 516 3814 isid,
541 3767 578 3802 or.
597 3749 617 3813 Ι,
636 3749 677 3812 39,
698 3749 726 3800 l:
751 3747 884 3826 (fabulas)
905 3747 1015 3826 primus
1033 3745 1165 3798 inuenisse
1184 3744 1305 3798 truditur
1323 3745 1439 3798 Alcinoi.

297 3820 494 3883 Grctcnteu3i33
513 3819 568 3884 vgl.
587 3819 667 3884 Hugo
688 3817 720 3869 de
740 3816 765 3870 S.
785 3816 903 3879 Victore,
922 3816 1014 3882 Migne
1035 3816 1091 3879 176,
1111 3815 1168 3867 767.

331 3958 347 4012 8
367 3888 409 3957 21]
429 3888 608 3955 ungunstiger
630 3886 725 3940 urteilt
742 3886 807 3938 iiber
825 3885 915 3938 Avian
934 3885 1014 3951 Hugo
1032 3902 1087 3937 von
1104 3884 1259 3950 Trimberg‚
1283 3882 1315 3935 V.
1335 3883 1385 3936 706
1404 3882 1437 3944 f.;

367 4027 460 4080 21utri
479 4045 512 4080 ue
530 4025 642 4096 preest]
666 4041 687 4078 s.
710 4027 793 4077 unten
823 4023 849 4076 Z.
873 4023 906 4075 23
932 4021 1108 4088 ‘generationi
1131 4020 1349 4083 inconstantior';
1378 4019 1438 4073 also

296 4097 347 4150 wie
366 4114 396 4149 es
413 4096 452 4148 im
499 4095 630 4149 ittclelter
647 4111 730 4161 gerne
748 4091 898 4158 geschieht,
919 4092 966 4144 der
983 4090 1046 4143 Dat.
1065 4093 1135 4144 stctt
1154 4091 1201 4143 des
1219 4090 1281 4143 Abl.

368 4166 410 4234 26]
430 4182 452 4218 e.
471 4165 568 4229 Avian,
587 4167 659 4218 erste
677 4162 761 4216 Fubel
779 4161 811 4214 V.
832 4161 878 4224 16;
905 4160 1068 4213 Invektiven
1087 4175 1174 4226 gegen
1192 4160 1235 4213 die
1253 4159 1364 4212 Weiber
1381 4157 1437 4210 und

297 4235 403 4302 chgen
421 4235 487 4287 iiber
505 4235 554 4286 das
572 4233 654 4286 ihnen
672 4229 898 4297 zugeschriebcne
916 4228 1100 4282 menschliohe
1112 4228 1199 4282 Eleud
1212 4229 1272 4282 sind
1285 4228 1322 4280 im
1335 4227 1399 4280 Mitt
1415 4227 1436 4278 l-

297 4305 367 4359 clter
386 4305 430 4357 ein
447 4303 577 4356 beliebtes
595 4302 706 4355 Thema.
