3316 5170
674 357 887 414 ..65-

213 529 306 590 titulo
330 529 386 588 hac
410 527 446 588 de
469 541 559 588 causa
581 547 652 586 usus
676 530 805 604 putatur
826 526 886 587 iste
909 532 1009 606 poeta,
1032 528 1112 606 quod
1134 529 1235 606 ipsum
1258 530 1357 608 operis

214 617 304 677 huius
338 615 524 694 principium
552 613 640 693 quasi
674 613 830 673 mulierem
858 633 986 692 superne
1018 614 1180 676 formosam
1203 636 1358 695 praemon-

214 708 309 777 strat,
337 722 503 781 perquam
526 701 623 780 ipsam
647 699 804 760 materiam
828 701 897 760 vult
924 701 1081 780 intellegi,
1112 701 1145 762 in
1167 723 1227 782 qua
1249 705 1300 765 vel
1321 725 1358 764 ax

214 811 273 870 qua
303 790 474 850 sententiae
505 793 577 848 sunt
607 787 656 848 vel
684 787 868 866 procedunt,
897 808 974 866 quae
1006 808 1114 866 corpus
1138 789 1234 851 totins
1257 792 1357 870 operis

213 897 349 956 congrua
371 876 524 936 rationum
547 873 749 953 dispositione
772 875 943 953 perficiunt.
1155 930 1162 940 ,
1379 891 1393 934 5

300 963 340 1024 D.
363 963 447 1036 Quae
471 961 568 1040 igitur
591 961 691 1040 operis
715 960 805 1020 huius
828 961 1022 1022 materia?

300 1051 343 1110 M.
365 1049 559 1110 Occasionem
575 1047 695 1128 quidem
708 1046 854 1109 materiae
865 1047 989 1109 videtur
1001 1047 1127 1110 Oratius
1142 1070 1179 1110 ex
1194 1049 1358 1111 amicorum

215 1137 412 1215 suggestione
435 1137 483 1197 vel
503 1135 656 1214 peticione
678 1154 795 1195 sumere
811 1135 861 1194 vel
884 1155 986 1196 eorum
1003 1140 1085 1196 certe
1105 1135 1158 1215 qui
1176 1136 1271 1196 libros
1291 1156 1358 1198 con-

214 1225 360 1285 ficiebant
383 1225 496 1302 absque
520 1223 650 1284 rationis
674 1221 790 1284 ordine.
825 1223 885 1282 Est
899 1222 999 1300 igitur
1021 1223 1111 1284 huius
1133 1222 1207 1284 libri
1229 1223 1358 1284 materia

216 1311 320 1370 modus
353 1315 385 1370 et
419 1310 583 1370 instructio
614 1313 695 1370 recte
729 1308 884 1369 scribendi
917 1313 948 1369 et
969 1309 1106 1370 rationes
1130 1309 1358 1370 exhortatoriae
1367 1323 1393 1366 10

214 1397 379 1459 cuiuslibet
401 1396 549 1475 poematis
572 1391 701 1479 quildem
724 1393 893 1473 incipiendi
915 1402 946 1456 et
968 1396 1071 1457 eodem
1094 1395 1199 1457 ordine
1222 1396 1356 1460 finiendi.
1366 1391 1429 1487 31¹3}

214 1484 397 1544 Intendit
420 1489 520 1544 autem
540 1483 572 1543 in
596 1483 653 1544 hoo
676 1501 767 1561 opere
789 1489 947 1560 poetarum
970 1483 1139 1562 aliquorum
1162 1483 1358 1562 supercilium

137 1613 140 1618 -
215 1570 447 1650 reprehendere,
470 1570 523 1649 qui
545 1589 653 1630 nornen
673 1568 794 1648 quidem
814 1570 998 1647 scriptorum
1020 1575 1201 1648 usurpantes
1224 1590 1299 1648 opus
1314 1570 1359 1630 in·

215 1658 347 1719 discreto
379 1657 452 1718 stilo
485 1656 633 1718 cuderunt
662 1676 717 1716 nec
740 1656 860 1716 modum
883 1657 933 1718 vel
955 1655 1092 1717 ordinem
1114 1656 1252 1717 debitum
1274 1657 1359 1736 operi

216 1766 270 1806 suc
292 1744 479 1808 dedicarunt.
522 1743 656 1816 Quorum
684 1743 815 1804 notabili
846 1743 1021 1805 temeritate
1054 1743 1105 1804 vel
1133 1743 1290 1821 imperitia
1311 1756 1394 1823 re-15

216 1831 358 1910 darguta,
381 1831 434 1910 qui
458 1829 561 1891 modus
584 1831 634 1890 lex
657 1835 687 1890 et
710 1829 800 1906 ordo,
832 1831 883 1908 qui
907 1836 994 1891 tenor
1016 1831 1049 1890 in
1071 1830 1221 1909 qualitate
1243 1830 1360 1909 digres-

216 1919 347 1990 sionum,
377 1918 445 1997 quis
477 1915 568 1978 stilus
599 1917 631 1976 in
659 1917 756 1994 gestis
782 1936 882 1977 rerum
915 1917 991 1978 locis
1014 1921 1116 1977 aetate
1144 1922 1280 1996 tempore
1310 1917 1360 1979 vel

215 2005 352 2084 personis
383 2004 531 2064 tenendus
558 2010 589 2065 et
611 2000 820 2064 observandus
843 2004 898 2078 sit,
925 2002 1074 2083 quomodo
1104 2003 1201 2082 capiti
1226 2007 1361 2065 membra

217 2091 382 2153 cohereant
404 2090 483 2152 idest
506 2091 644 2152 diversae
666 2089 837 2150 sententiae
858 2090 1004 2152 uniformi
1028 2090 1183 2165 materiae,
1197 2096 1361 2169 praecepta

216 2179 302 2239 dedit
329 2199 384 2257 per
411 2178 522 2239 multas
551 2184 583 2238 et
613 2177 716 2238 varias
749 2177 1008 2256 comparationem,
1040 2181 1197 2239 auctorum
1227 2179 1396 2257 prehensa

216 2267 349 2327 virtutes
365 2265 416 2326 vel
438 2285 565 2327 errores.
599 2265 695 2326 Porro
714 2284 825 2342 magna
837 2264 959 2325 utilitas
981 2263 1082 2326 finalis
1104 2284 1213 2325 causae
1231 2264 1361 2343 legenti·

217 2355 286 2425 bus,
317 2351 491 2432 praeceptis
527 2350 679 2412 scribendi
719 2351 888 2429 vigilanter
937 2349 1178 2424 intendentibus;
1217 2351 1362 2431 quicquid

219 2441 299 2500 enim
323 2437 482 2516 scripseris
509 2438 575 2498 aive
598 2438 726 2498 multum
757 2459 810 2499 seu
832 2437 999 2514 modicum,
1031 2457 1152 2498 necesse
1182 2444 1237 2510 est,
1266 2444 1302 2498 ut
1329 2438 1362 2498 in

218 2527 290 2588 stilo
314 2531 367 2587 tuo
384 2527 471 2585 iuxta
494 2525 640 2585 materiae
659 2524 783 2585 initium
807 2544 925 2602 semper
947 2524 989 2584 sit
1011 2524 1228 2603 consequentia
1251 2545 1361 2587 rerum.
1423 2593 1427 2600 ¹

217 2615 278 2675 Pro
293 2618 377 2674 certo
392 2611 522 2682 noveris,
540 2611 620 2691 quod
642 2611 675 2671 in
698 2611 913 2672 taxatiuncula
930 2608 1036 2671 brevis
1057 2611 1208 2688 epistulae
1226 2611 1397 2672 fabulam25

217 2703 332 2762 formae
356 2703 562 2760 monstruosae
585 2697 720 2758 liminari
742 2697 875 2776 paginae
896 2697 1049 2775 praefixae
1062 2697 1177 2759 videris
1201 2698 1363 2774 incurrere,

218 2787 244 2848 si
268 2787 373 2848 stilum
395 2790 480 2845 tunm
503 2805 564 2845 non
586 2785 775 2846 ordinaveris
799 2783 952 2846 scribendi
974 2785 1102 2850 ratione.

305 2873 344 2933 Ι).
369 2877 437 2936 Iure
459 2872 638 2933 crediderim
653 2877 774 2950 poetam
794 2871 889 2932 istum
907 2873 940 2932 in
955 2877 1096 2949 poemate
1114 2891 1168 2932 suo
1190 2889 1252 2930 non
1273 2891 1363 2950 posse

218 2960 348 3034 deviare,
371 2959 424 3038 qui
447 2959 551 3037 potuit
573 2959 650 3020 alios
673 2959 798 3036 scriptis
821 2957 978 3020 deviantes
1002 2958 1169 3020 emendare.

304 3048 347 3107 M.
370 3045 502 3125 Scripsit
522 3045 643 3125 quidem
672 3045 751 3106 idem
771 3044 895 3105 Oratius
919 3050 951 3105 et
972 3045 1049 3106 alios
1076 3045 1182 3124 libros,
1211 3055 1398 3106 sermones³0

219 3141 251 3194 et
274 3133 346 3194 odas
370 3140 401 3192 et
424 3133 520 3206 alios,
542 3133 575 3192 in
597 3132 706 3212 quibus
729 3132 789 3193 etsi
811 3132 929 3192 fructus
952 3131 1109 3211 tyrunculi
1125 3131 1279 3193 studentis
1308 3137 1363 3206 est,

218 3227 321 3281 tamen
353 3219 545 3298 spiritalibus
573 3219 607 3278 in
638 3219 819 3299 quibusdam
849 3217 923 3280 locis
953 3219 1046 3280 lectio
1074 3219 1139 3280 eius
1172 3218 1364 3281 infructuosa

218 3309 289 3386 quia
311 3307 428 3368 viciose
452 3313 517 3385 est3
540 3313 749 3366 verumtamen
772 3306 824 3366 ubi
848 3305 963 3366 vitiosa
987 3304 1088 3366 Oratii
1112 3306 1209 3367 oratio
1241 3310 1296 3378 est,
1330 3306 1362 3365 in

219 3395 276 3454 hac
299 3413 390 3454 causa
415 3393 513 3471 magis
525 3392 656 3454 vitiosus
678 3393 806 3472 quisque
829 3397 954 3452 notatus
978 3397 1025 3452 est
1044 3412 1133 3472 quam
1155 3398 1261 3454 auctor
1273 3392 1363 3454 viciis

219 3482 336 3541 notatis
359 3480 524 3562 subiectus.
561 3479 645 3539 Idem
665 3479 790 3540 Oratius
812 3479 1064 3558 quinquagesimo
1097 3479 1227 3558 septimo
1251 3479 1397 3541 aetatis3b

220 3588 292 3628 suae
320 3587 398 3628 anno
420 3568 537 3628 Romae
567 3571 703 3627 mortuus
726 3570 783 3629 est.

294 3754 451 3824 llfiniendi]
471 3754 622 3808 definiendi.
832 3753 1005 3823 25fabulam]
1025 3753 1154 3806 tabulam.

294 3931 397 3981 10reot.
416 3927 507 3995 scrib]
526 3945 548 3981 s.
568 3927 635 3980 oben
653 3926 694 3985 64.
715 3926 755 3979 13.
775 3926 817 3979 20.

294 3997 367 4052 ¹⁶l17
399 3997 513 4049 beechte
532 3997 584 4049 den
601 3994 730 4048 Weohsel
747 4012 803 4048 von
822 3991 869 4062 qui
881 4024 916 4032 —
928 3993 996 4061 quis.

292 4066 366 4122 17l1⁸
387 4083 426 4119 oo.
445 4068 526 4134 temp.
546 4064 627 4134 pers]
647 4081 669 4117 s.
689 4063 714 4117 S.
733 4064 775 4128 21,
794 4064 811 4117 8
819 4083 826 4127 ;
845 4062 886 4128 31,
906 4063 933 4126 73
953 4063 993 4126 73,
1015 4061 1054 4115 18.

293 4134 459 4204 20pr0bans]
477 4134 533 4202 vgl.
552 4135 593 4198 51,
614 4133 653 4185 14.

292 4204 334 4273 35]
354 4203 396 4256 die
407 4220 457 4256 aus
467 4203 663 4272 Hieronym,
674 4201 767 4256 chron.
781 4201 825 4269 (=
841 4200 941 4267 Migne,
952 4203 1022 4269 patr.
1032 4216 1159 4266 graeca
1171 4203 1236 4254 tom.
1249 4199 1288 4262 19,
1301 4197 1365 4266 530)

221 4277 408 4328 entnommene
427 4273 539 4339 Angabe
555 4273 621 4325 tiber
639 4272 688 4324 das
712 4288 769 4324 von
786 4270 879 4323 Horaz
902 4268 1037 4322 erreichte
1055 4268 1134 4322 Alter
1156 4268 1275 4322 schreibt
1293 4267 1365 4320 auch

221 4345 265 4396 W.
283 4343 385 4412 Burley
404 4359 454 4394 aus
473 4342 524 4412 (ed.
542 4341 633 4394 Knust
651 4359 676 4409 p.
696 4340 767 4408 350).
804 4338 866 4405 Vgl.
887 4337 990 4392 Sueten
1008 4338 1048 4391 ed.
1067 4337 1262 4392 Reifferscheid
1280 4335 1307 4390 S.
1319 4335 1366 4389 48.

1261 4423 1276 4475 5
