<?xml version="1.0" encoding="UTF-8"?>
<!DOCTYPE html PUBLIC "-//W3C//DTD XHTML 1.0 Transitional//EN"
    "http://www.w3.org/TR/xhtml1/DTD/xhtml1-transitional.dtd">
<html xmlns="http://www.w3.org/1999/xhtml" xml:lang="en" lang="en">
 <head>
  <title>
</title>
<meta http-equiv="Content-Type" content="text/html;charset=utf-8" />
  <meta name='ocr-system' content='tesseract 3.04.00' />
  <meta name='ocr-capabilities' content='ocr_page ocr_carea ocr_par ocr_line ocrx_word'/>
</head>
<body>
  <div class='ocr_page' id='page_1' title='image "./conradihirsaugi00hirsgoog_0042.png"; bbox 0 0 3316 5170; ppageno 0'>
   <div class='ocr_carea' id='block_1_1' title="bbox 663 395 878 453">
    <p class='ocr_par' dir='ltr' id='par_1_1' title="bbox 663 395 878 453">
     <span class='ocr_line' id='line_1_1' title="bbox 663 395 878 453; baseline 0 -17"><span class='ocrx_word' id='word_1_1' title='bbox 663 395 878 453; x_wconf 76' lang='grc'>...39-</span> 
     </span>
    </p>
   </div>
   <div class='ocr_carea' id='block_1_2' title="bbox 198 564 1397 3512">
    <p class='ocr_par' dir='ltr' id='par_1_2' title="bbox 201 564 1381 1426">
     <span class='ocr_line' id='line_1_2' title="bbox 201 564 1347 644; baseline 0 -18"><span class='ocrx_word' id='word_1_2' title='bbox 201 566 282 626; x_wconf 88' lang='lat' dir='ltr'>nihil</span> <span class='ocrx_word' id='word_1_3' title='bbox 314 565 458 643; x_wconf 87' lang='lat' dir='ltr'>ponderis</span> <span class='ocrx_word' id='word_1_4' title='bbox 487 566 646 641; x_wconf 72' lang='lat' dir='ltr'>habentia,</span> <span class='ocrx_word' id='word_1_5' title='bbox 675 572 782 644; x_wconf 79' lang='lat' dir='ltr'>utpote</span> <span class='ocrx_word' id='word_1_6' title='bbox 813 566 902 643; x_wconf 83' lang='lat' dir='ltr'>quasi</span> <span class='ocrx_word' id='word_1_7' title='bbox 934 587 1024 626; x_wconf 88' lang='lat' dir='ltr'>sonus</span> <span class='ocrx_word' id='word_1_8' title='bbox 1048 564 1124 627; x_wconf 91' lang='lat' dir='ltr'>levis</span> <span class='ocrx_word' id='word_1_9' title='bbox 1147 566 1347 639; x_wconf 87' lang='lat' dir='ltr'>transeuntia,</span> 
     </span>
     <span class='ocr_line' id='line_1_3' title="bbox 203 653 1347 730; baseline 0 -18"><span class='ocrx_word' id='word_1_10' title='bbox 203 654 286 713; x_wconf 91' lang='lat' dir='ltr'>aliud</span> <span class='ocrx_word' id='word_1_11' title='bbox 310 653 415 714; x_wconf 88' lang='lat' dir='ltr'>divina</span> <span class='ocrx_word' id='word_1_12' title='bbox 439 653 566 729; x_wconf 87' lang='lat' dir='ltr'>eloquia,</span> <span class='ocrx_word' id='word_1_13' title='bbox 591 673 667 730; x_wconf 87' lang='lat' dir='ltr'>quae</span> <span class='ocrx_word' id='word_1_14' title='bbox 691 654 819 713; x_wconf 86' lang='lat' dir='ltr'>fundata</span> <span class='ocrx_word' id='word_1_15' title='bbox 849 658 880 711; x_wconf 92' lang='lat' dir='ltr'>et</span> <span class='ocrx_word' id='word_1_16' title='bbox 903 661 1028 726; x_wconf 81' lang='lat' dir='ltr'>aeterna</span> <span class='ocrx_word' id='word_1_17' title='bbox 1050 661 1123 712; x_wconf 90' lang='lat' dir='ltr'>suut</span> <span class='ocrx_word' id='word_1_18' title='bbox 1144 653 1279 730; x_wconf 89' lang='lat' dir='ltr'>spiritali</span> <span class='ocrx_word' id='word_1_19' title='bbox 1303 654 1347 712; x_wconf 91' lang='lat' dir='ltr'>in-</span> 
     </span>
     <span class='ocr_line' id='line_1_4' title="bbox 203 740 1348 818; baseline -0.002 -18"><span class='ocrx_word' id='word_1_20' title='bbox 203 741 389 818; x_wconf 88' lang='lat' dir='ltr'>telligentia.</span> <span class='ocrx_word' id='word_1_21' title='bbox 435 742 478 800; x_wconf 85' lang='lat' dir='ltr'>Et</span> <span class='ocrx_word' id='word_1_22' title='bbox 500 742 605 812; x_wconf 74' lang='lat' dir='ltr'>uerba,</span> <span class='ocrx_word' id='word_1_23' title='bbox 636 742 726 801; x_wconf 91' lang='lat' dir='ltr'>immo</span> <span class='ocrx_word' id='word_1_24' title='bbox 758 741 866 800; x_wconf 91' lang='lat' dir='ltr'>literae</span> <span class='ocrx_word' id='word_1_25' title='bbox 896 740 1049 817; x_wconf 78' lang='lat' dir='ltr'>simplices</span> <span class='ocrx_word' id='word_1_26' title='bbox 1079 747 1110 798; x_wconf 89' lang='lat' dir='ltr'>et</span> <span class='ocrx_word' id='word_1_27' title='bbox 1137 741 1235 799; x_wconf 89' lang='lat' dir='ltr'>nudae</span> <span class='ocrx_word' id='word_1_28' title='bbox 1258 741 1348 818; x_wconf 88' lang='lat' dir='ltr'>signa</span> 
     </span>
     <span class='ocr_line' id='line_1_5' title="bbox 204 825 1347 906; baseline 0 -19"><span class='ocrx_word' id='word_1_29' title='bbox 204 828 350 906; x_wconf 78' lang='lat' dir='ltr'>quaedam</span> <span class='ocrx_word' id='word_1_30' title='bbox 373 847 478 887; x_wconf 82' lang='lat' dir='ltr'>sensus</span> <span class='ocrx_word' id='word_1_31' title='bbox 501 825 628 888; x_wconf 89' lang='lat' dir='ltr'>latentis</span> <span class='ocrx_word' id='word_1_32' title='bbox 651 833 739 904; x_wconf 85' lang='lat' dir='ltr'>sunt,</span> <span class='ocrx_word' id='word_1_33' title='bbox 771 826 822 886; x_wconf 87' lang='lat' dir='ltr'>sed</span> <span class='ocrx_word' id='word_1_34' title='bbox 841 829 939 887; x_wconf 90' lang='lat' dir='ltr'>-verbo</span> <span class='ocrx_word' id='word_1_35' title='bbox 963 826 1147 889; x_wconf 79' lang='lat' dir='ltr'>immutabili</span> <span class='ocrx_word' id='word_1_36' title='bbox 1168 832 1199 886; x_wconf 90' lang='lat' dir='ltr'>et</span> <span class='ocrx_word' id='word_1_37' title='bbox 1223 834 1347 888; x_wconf 87' lang='lat' dir='ltr'>aeterno</span> 
     </span>
     <span class='ocr_line' id='line_1_6' title="bbox 201 913 1370 992; baseline -0.005 -19"><span class='ocrx_word' id='word_1_38' title='bbox 201 915 292 992; x_wconf 90' lang='lat' dir='ltr'>louge</span> <span class='ocrx_word' id='word_1_39' title='bbox 313 914 476 973; x_wconf 80' lang='lat' dir='ltr'>dissimilia</span> <span class='ocrx_word' id='word_1_40' title='bbox 497 921 582 986; x_wconf 89' lang='lat' dir='ltr'>sunt;</span> <span class='ocrx_word' id='word_1_41' title='bbox 605 918 744 992; x_wconf 88' lang='lat' dir='ltr'>putasne,</span> <span class='ocrx_word' id='word_1_42' title='bbox 766 934 832 974; x_wconf 90' lang='lat' dir='ltr'>oum</span> <span class='ocrx_word' id='word_1_43' title='bbox 857 914 982 974; x_wconf 84' lang='lat' dir='ltr'>‘eaelum</span> <span class='ocrx_word' id='word_1_44' title='bbox 1006 918 1038 974; x_wconf 88' lang='lat' dir='ltr'>et</span> <span class='ocrx_word' id='word_1_45' title='bbox 1052 919 1134 973; x_wconf 89' lang='lat' dir='ltr'>tarra</span> <span class='ocrx_word' id='word_1_46' title='bbox 1153 913 1370 987; x_wconf 81' lang='lat' dir='ltr'>transibunt’,s</span> 
     </span>
     <span class='ocr_line' id='line_1_7' title="bbox 202 1000 1348 1077; baseline 0 -17"><span class='ocrx_word' id='word_1_47' title='bbox 202 1001 371 1077; x_wconf 87' lang='lat' dir='ltr'>Hesopicae</span> <span class='ocrx_word' id='word_1_48' title='bbox 399 1000 521 1060; x_wconf 85' lang='lat' dir='ltr'>fabulae</span> <span class='ocrx_word' id='word_1_49' title='bbox 544 1001 716 1060; x_wconf 80' lang='lat' dir='ltr'>durabunt?</span> <span class='ocrx_word' id='word_1_50' title='bbox 747 1021 850 1060; x_wconf 87' lang='lat' dir='ltr'>verum</span> <span class='ocrx_word' id='word_1_51' title='bbox 879 1003 982 1061; x_wconf 88' lang='lat' dir='ltr'>‘verba</span> <span class='ocrx_word' id='word_1_52' title='bbox 1013 1000 1210 1060; x_wconf 88' lang='lat' dir='ltr'>domininon</span> <span class='ocrx_word' id='word_1_53' title='bbox 1238 1001 1348 1060; x_wconf 87' lang='lat' dir='ltr'>transi·</span> 
     </span>
     <span class='ocr_line' id='line_1_8' title="bbox 202 1087 1347 1166; baseline 0 -19"><span class='ocrx_word' id='word_1_54' title='bbox 202 1089 299 1148; x_wconf 85' lang='lat' dir='ltr'>bunt.&#39;</span> <span class='ocrx_word' id='word_1_55' title='bbox 344 1088 447 1147; x_wconf 89' lang='lat' dir='ltr'>Genus</span> <span class='ocrx_word' id='word_1_56' title='bbox 477 1087 597 1166; x_wconf 91' lang='lat' dir='ltr'>quidem</span> <span class='ocrx_word' id='word_1_57' title='bbox 631 1108 723 1147; x_wconf 91' lang='lat' dir='ltr'>unum</span> <span class='ocrx_word' id='word_1_58' title='bbox 751 1094 799 1148; x_wconf 87' lang='lat' dir='ltr'>est</span> <span class='ocrx_word' id='word_1_59' title='bbox 831 1088 864 1147; x_wconf 90' lang='lat' dir='ltr'>in</span> <span class='ocrx_word' id='word_1_60' title='bbox 888 1088 988 1148; x_wconf 88' lang='lat' dir='ltr'>literis</span> <span class='ocrx_word' id='word_1_61' title='bbox 1013 1107 1267 1165; x_wconf 85' lang='lat' dir='ltr'>quarumcumque</span> <span class='ocrx_word' id='word_1_62' title='bbox 1290 1089 1347 1147; x_wconf 92' lang='lat' dir='ltr'>lin·</span> 
     </span>
     <span class='ocr_line' id='line_1_9' title="bbox 202 1173 1345 1252; baseline -0.001 -18"><span class='ocrx_word' id='word_1_63' title='bbox 202 1195 328 1252; x_wconf 86' lang='lat' dir='ltr'>guarum</span> <span class='ocrx_word' id='word_1_64' title='bbox 359 1175 424 1234; x_wconf 90' lang='lat' dir='ltr'>sive</span> <span class='ocrx_word' id='word_1_65' title='bbox 448 1176 613 1252; x_wconf 88' lang='lat' dir='ltr'>loquantur</span> <span class='ocrx_word' id='word_1_66' title='bbox 640 1175 678 1234; x_wconf 88' lang='lat' dir='ltr'>ad</span> <span class='ocrx_word' id='word_1_67' title='bbox 701 1173 789 1234; x_wconf 88' lang='lat' dir='ltr'>fidem</span> <span class='ocrx_word' id='word_1_68' title='bbox 812 1175 956 1234; x_wconf 89' lang='lat' dir='ltr'>veritatis</span> <span class='ocrx_word' id='word_1_69' title='bbox 983 1193 1035 1234; x_wconf 87' lang='lat' dir='ltr'>seu</span> <span class='ocrx_word' id='word_1_70' title='bbox 1057 1181 1238 1252; x_wconf 89' lang='lat' dir='ltr'>promantur</span> <span class='ocrx_word' id='word_1_71' title='bbox 1268 1175 1345 1234; x_wconf 89' lang='lat' dir='ltr'>serie</span> 
     </span>
     <span class='ocr_line' id='line_1_10' title="bbox 201 1259 1346 1340; baseline 0.001 -20"><span class='ocrx_word' id='word_1_72' title='bbox 201 1261 366 1334; x_wconf 77' lang='lat' dir='ltr'>falsitatis3</span> <span class='ocrx_word' id='word_1_73' title='bbox 389 1260 440 1321; x_wconf 87' lang='lat' dir='ltr'>sed</span> <span class='ocrx_word' id='word_1_74' title='bbox 462 1262 592 1338; x_wconf 90' lang='lat' dir='ltr'>quadam</span> <span class='ocrx_word' id='word_1_75' title='bbox 614 1261 807 1322; x_wconf 84' lang='lat' dir='ltr'>differentiae</span> <span class='ocrx_word' id='word_1_76' title='bbox 830 1263 929 1340; x_wconf 87' lang='lat' dir='ltr'>speeie</span> <span class='ocrx_word' id='word_1_77' title='bbox 953 1259 1202 1322; x_wconf 89' lang='lat' dir='ltr'>diversificantur</span> <span class='ocrx_word' id='word_1_78' title='bbox 1226 1281 1261 1320; x_wconf 88' lang='lat' dir='ltr'>ex</span> <span class='ocrx_word' id='word_1_79' title='bbox 1284 1262 1346 1321; x_wconf 89' lang='lat' dir='ltr'>ine-</span> 
     </span>
     <span class='ocr_line' id='line_1_11' title="bbox 207 1347 1381 1426; baseline 0 -19"><span class='ocrx_word' id='word_1_80' title='bbox 207 1349 359 1426; x_wconf 87' lang='lat' dir='ltr'>qualitate</span> <span class='ocrx_word' id='word_1_81' title='bbox 381 1347 627 1426; x_wconf 87' lang='lat' dir='ltr'>significationis.</span> <span class='ocrx_word' id='word_1_82' title='bbox 1355 1357 1381 1399; x_wconf 85' lang='lat'>1⁰</span> 
     </span>
    </p>

    <p class='ocr_par' dir='ltr' id='par_1_3' title="bbox 289 1435 594 1512">
     <span class='ocr_line' id='line_1_12' title="bbox 289 1435 594 1512; baseline 0.01 -18"><span class='ocrx_word' id='word_1_83' title='bbox 289 1435 328 1494; x_wconf 79' lang='lat' dir='ltr'>l).</span> <span class='ocrx_word' id='word_1_84' title='bbox 351 1435 447 1494; x_wconf 84' lang='lat' dir='ltr'>Verbi</span> <span class='ocrx_word' id='word_1_85' title='bbox 470 1435 594 1512; x_wconf 65' lang='lat' dir='ltr'>gratia?</span> 
     </span>
    </p>

    <p class='ocr_par' dir='ltr' id='par_1_4' title="bbox 200 1520 1380 2121">
     <span class='ocr_line' id='line_1_13' title="bbox 288 1520 1347 1599; baseline -0.001 -18"><span class='ocrx_word' id='word_1_86' title='bbox 288 1523 331 1581; x_wconf 89' lang='grc' dir='ltr'>Μ.</span> <span class='ocrx_word' id='word_1_87' title='bbox 355 1521 479 1595; x_wconf 89' lang='lat' dir='ltr'>Dioam;</span> <span class='ocrx_word' id='word_1_88' title='bbox 502 1521 737 1581; x_wconf 89' lang='lat' dir='ltr'>innumerabiles</span> <span class='ocrx_word' id='word_1_89' title='bbox 761 1522 899 1599; x_wconf 89' lang='lat' dir='ltr'>gentium</span> <span class='ocrx_word' id='word_1_90' title='bbox 926 1521 969 1581; x_wconf 92' lang='lat' dir='ltr'>dii</span> <span class='ocrx_word' id='word_1_91' title='bbox 992 1520 1146 1581; x_wconf 87' lang='lat' dir='ltr'>dicuntur:</span> <span class='ocrx_word' id='word_1_92' title='bbox 1178 1521 1249 1579; x_wconf 91' lang='lat' dir='ltr'>Beel</span> <span class='ocrx_word' id='word_1_93' title='bbox 1274 1520 1347 1580; x_wconf 87' lang='lat' dir='ltr'>deus</span> 
     </span>
     <span class='ocr_line' id='line_1_14' title="bbox 201 1607 1347 1687; baseline -0.001 -21"><span class='ocrx_word' id='word_1_94' title='bbox 201 1607 447 1681; x_wconf 88' lang='lat' dir='ltr'>Babiloniorum,</span> <span class='ocrx_word' id='word_1_95' title='bbox 478 1610 587 1687; x_wconf 85' lang='lat' dir='ltr'><strong>Dagon</strong></span> <span class='ocrx_word' id='word_1_96' title='bbox 610 1608 682 1668; x_wconf 87' lang='lat' dir='ltr'>daus</span> <span class='ocrx_word' id='word_1_97' title='bbox 706 1609 954 1683; x_wconf 88' lang='lat' dir='ltr'>Philistinorum,</span> <span class='ocrx_word' id='word_1_98' title='bbox 984 1609 1056 1668; x_wconf 82' lang='lat' dir='ltr'>deus</span> <span class='ocrx_word' id='word_1_99' title='bbox 1080 1609 1219 1667; x_wconf 89' lang='lat' dir='ltr'>Accaron</span> <span class='ocrx_word' id='word_1_100' title='bbox 1243 1611 1289 1678; x_wconf 89' lang='lat' dir='ltr'>et,</span> <span class='ocrx_word' id='word_1_101' title='bbox 1312 1614 1347 1667; x_wconf 89' lang='lat' dir='ltr'>ut</span> 
     </span>
     <span class='ocr_line' id='line_1_15' title="bbox 202 1694 1345 1772; baseline 0 -19"><span class='ocrx_word' id='word_1_102' title='bbox 202 1694 338 1755; x_wconf 87' lang='lat' dir='ltr'>breviter</span> <span class='ocrx_word' id='word_1_103' title='bbox 360 1695 553 1768; x_wconf 89' lang='lat' dir='ltr'>concludam,</span> <span class='ocrx_word' id='word_1_104' title='bbox 580 1702 629 1755; x_wconf 87' lang='lat' dir='ltr'>tot</span> <span class='ocrx_word' id='word_1_105' title='bbox 661 1696 761 1755; x_wconf 88' lang='lat' dir='ltr'>cultus</span> <span class='ocrx_word' id='word_1_106' title='bbox 784 1695 905 1756; x_wconf 90' lang='lat' dir='ltr'>deorum</span> <span class='ocrx_word' id='word_1_107' title='bbox 931 1702 1004 1772; x_wconf 89' lang='lat' dir='ltr'>quot</span> <span class='ocrx_word' id='word_1_108' title='bbox 1033 1700 1150 1754; x_wconf 85' lang='lat' dir='ltr'>tractus</span> <span class='ocrx_word' id='word_1_109' title='bbox 1178 1694 1345 1771; x_wconf 87' lang='lat' dir='ltr'>regionum,</span> 
     </span>
     <span class='ocr_line' id='line_1_16' title="bbox 202 1780 1380 1855; baseline 0 -15"><span class='ocrx_word' id='word_1_110' title='bbox 202 1783 253 1841; x_wconf 87' lang='lat' dir='ltr'>sad</span> <span class='ocrx_word' id='word_1_111' title='bbox 277 1788 323 1841; x_wconf 89' lang='lat' dir='ltr'>est</span> <span class='ocrx_word' id='word_1_112' title='bbox 346 1802 422 1842; x_wconf 77' lang='lat' dir='ltr'>rinus</span> <span class='ocrx_word' id='word_1_113' title='bbox 446 1803 535 1843; x_wconf 89' lang='lat' dir='ltr'>verus</span> <span class='ocrx_word' id='word_1_114' title='bbox 559 1783 640 1855; x_wconf 88' lang='lat' dir='ltr'>deus,</span> <span class='ocrx_word' id='word_1_115' title='bbox 663 1801 716 1841; x_wconf 88' lang='lat' dir='ltr'>rex</span> <span class='ocrx_word' id='word_1_116' title='bbox 736 1782 897 1847; x_wconf 86' lang='lat' dir='ltr'>caelorum.</span> <span class='ocrx_word' id='word_1_117' title='bbox 934 1782 1016 1841; x_wconf 89' lang='lat' dir='ltr'>Deus</span> <span class='ocrx_word' id='word_1_118' title='bbox 1033 1802 1130 1852; x_wconf 90' lang='lat' dir='ltr'>verus,</span> <span class='ocrx_word' id='word_1_119' title='bbox 1154 1780 1225 1840; x_wconf 90' lang='lat' dir='ltr'>deus</span> <span class='ocrx_word' id='word_1_120' title='bbox 1249 1782 1345 1841; x_wconf 84' lang='lat' dir='ltr'>falsus</span> <span class='ocrx_word' id='word_1_121' title='bbox 1355 1789 1380 1831; x_wconf 79' lang='lat'>1⁵</span> 
     </span>
     <span class='ocr_line' id='line_1_17' title="bbox 202 1868 1346 1947; baseline -0.001 -19"><span class='ocrx_word' id='word_1_122' title='bbox 202 1868 342 1946; x_wconf 87' lang='lat' dir='ltr'>geminae</span> <span class='ocrx_word' id='word_1_123' title='bbox 366 1870 511 1942; x_wconf 87' lang='lat' dir='ltr'>sillabae,</span> <span class='ocrx_word' id='word_1_124' title='bbox 540 1870 591 1930; x_wconf 90' lang='lat' dir='ltr'>sed</span> <span class='ocrx_word' id='word_1_125' title='bbox 615 1870 827 1929; x_wconf 85' lang='lat' dir='ltr'>discernuntur</span> <span class='ocrx_word' id='word_1_126' title='bbox 849 1869 1087 1947; x_wconf 85' lang='lat' dir='ltr'>significationis</span> <span class='ocrx_word' id='word_1_127' title='bbox 1111 1870 1219 1945; x_wconf 89' lang='lat' dir='ltr'>specie.</span> <span class='ocrx_word' id='word_1_128' title='bbox 1264 1868 1346 1927; x_wconf 87' lang='lat' dir='ltr'>Deus</span> 
     </span>
     <span class='ocr_line' id='line_1_18' title="bbox 200 1954 1346 2032; baseline 0 -19"><span class='ocrx_word' id='word_1_129' title='bbox 200 1955 302 2032; x_wconf 88' lang='lat' dir='ltr'>igitur</span> <span class='ocrx_word' id='word_1_130' title='bbox 312 1959 450 2017; x_wconf 89' lang='lat' dir='ltr'>Accaron</span> <span class='ocrx_word' id='word_1_131' title='bbox 465 1956 604 2017; x_wconf 88' lang='lat' dir='ltr'>nonnihil</span> <span class='ocrx_word' id='word_1_132' title='bbox 619 1956 782 2031; x_wconf 86' lang='lat' dir='ltr'>signifieat,</span> <span class='ocrx_word' id='word_1_133' title='bbox 796 1956 868 2016; x_wconf 89' lang='lat' dir='ltr'>deus</span> <span class='ocrx_word' id='word_1_134' title='bbox 886 1955 1036 2016; x_wconf 89' lang='lat' dir='ltr'>caelorum</span> <span class='ocrx_word' id='word_1_135' title='bbox 1052 1960 1082 2016; x_wconf 89' lang='lat' dir='ltr'>et</span> <span class='ocrx_word' id='word_1_136' title='bbox 1092 1957 1148 2015; x_wconf 87' lang='lat' dir='ltr'>hcc</span> <span class='ocrx_word' id='word_1_137' title='bbox 1161 1975 1215 2015; x_wconf 87' lang='lat' dir='ltr'>sua</span> <span class='ocrx_word' id='word_1_138' title='bbox 1229 1954 1346 2032; x_wconf 84' lang='lat' dir='ltr'>signifi·</span> 
     </span>
     <span class='ocr_line' id='line_1_19' title="bbox 201 2041 1344 2121; baseline 0.002 -20"><span class='ocrx_word' id='word_1_139' title='bbox 201 2042 321 2102; x_wconf 87' lang='lat' dir='ltr'>catione</span> <span class='ocrx_word' id='word_1_140' title='bbox 334 2063 393 2102; x_wconf 89' lang='lat' dir='ltr'>non</span> <span class='ocrx_word' id='word_1_141' title='bbox 408 2054 509 2117; x_wconf 89' lang='lat' dir='ltr'>caret;</span> <span class='ocrx_word' id='word_1_142' title='bbox 531 2043 738 2103; x_wconf 85' lang='lat' dir='ltr'>differentiam</span> <span class='ocrx_word' id='word_1_143' title='bbox 753 2043 863 2103; x_wconf 81' lang='lat' dir='ltr'>adhibe</span> <span class='ocrx_word' id='word_1_144' title='bbox 874 2050 906 2102; x_wconf 89' lang='lat' dir='ltr'>et</span> <span class='ocrx_word' id='word_1_145' title='bbox 916 2043 1034 2102; x_wconf 85' lang='lat' dir='ltr'>videbis</span> <span class='ocrx_word' id='word_1_146' title='bbox 1044 2042 1161 2121; x_wconf 89' lang='lat' dir='ltr'>pondus</span> <span class='ocrx_word' id='word_1_147' title='bbox 1174 2041 1344 2120; x_wconf 72' lang='lat' dir='ltr'>utriusque,</span> 
     </span>
    </p>

    <p class='ocr_par' dir='ltr' id='par_1_5' title="bbox 199 2129 1382 2288">
     <span class='ocr_line' id='line_1_20' title="bbox 289 2129 1345 2208; baseline 0 -20"><span class='ocrx_word' id='word_1_148' title='bbox 289 2129 329 2188; x_wconf 84' lang='grc' dir='ltr'>Ι).</span> <span class='ocrx_word' id='word_1_149' title='bbox 351 2130 417 2190; x_wconf 87' lang='lat' dir='ltr'>Non</span> <span class='ocrx_word' id='word_1_150' title='bbox 431 2130 567 2208; x_wconf 75' lang='lat' dir='ltr'>negotia,</span> <span class='ocrx_word' id='word_1_151' title='bbox 590 2137 626 2190; x_wconf 87' lang='lat' dir='ltr'>ut</span> <span class='ocrx_word' id='word_1_152' title='bbox 648 2130 792 2204; x_wconf 83' lang='lat' dir='ltr'>arbitror,</span> <span class='ocrx_word' id='word_1_153' title='bbox 814 2136 922 2208; x_wconf 88' lang='lat' dir='ltr'>poetas</span> <span class='ocrx_word' id='word_1_154' title='bbox 934 2137 1110 2208; x_wconf 85' lang='lat' dir='ltr'>compactae</span> <span class='ocrx_word' id='word_1_155' title='bbox 1122 2129 1256 2191; x_wconf 83' lang='lat' dir='ltr'>vanitati</span> <span class='ocrx_word' id='word_1_156' title='bbox 1273 2148 1345 2188; x_wconf 88' lang='lat' dir='ltr'>suae</span> 
     </span>
     <span class='ocr_line' id='line_1_21' title="bbox 199 2215 1382 2288; baseline 0.001 -15"><span class='ocrx_word' id='word_1_157' title='bbox 199 2215 339 2276; x_wconf 91' lang='lat' dir='ltr'>nonnihil</span> <span class='ocrx_word' id='word_1_158' title='bbox 353 2216 506 2277; x_wconf 87' lang='lat' dir='ltr'>interdum</span> <span class='ocrx_word' id='word_1_159' title='bbox 519 2217 664 2277; x_wconf 87' lang='lat' dir='ltr'>veritatis</span> <span class='ocrx_word' id='word_1_160' title='bbox 681 2217 836 2288; x_wconf 87' lang='lat' dir='ltr'>adiecisse,</span> <span class='ocrx_word' id='word_1_161' title='bbox 860 2218 952 2276; x_wconf 91' lang='lat' dir='ltr'>etiam</span> <span class='ocrx_word' id='word_1_162' title='bbox 966 2219 1035 2277; x_wconf 88' lang='lat' dir='ltr'>sinc</span> <span class='ocrx_word' id='word_1_163' title='bbox 1046 2216 1202 2277; x_wconf 87' lang='lat' dir='ltr'>historiali</span> <span class='ocrx_word' id='word_1_164' title='bbox 1213 2215 1346 2277; x_wconf 88' lang='lat' dir='ltr'>ratione.</span> <span class='ocrx_word' id='word_1_165' title='bbox 1355 2223 1382 2265; x_wconf 78' lang='lat'>²⁰</span> 
     </span>
    </p>

    <p class='ocr_par' dir='ltr' id='par_1_6' title="bbox 198 2303 1397 3512">
     <span class='ocr_line' id='line_1_22' title="bbox 287 2303 1346 2382; baseline -0.001 -21"><span class='ocrx_word' id='word_1_166' title='bbox 287 2303 330 2361; x_wconf 87' lang='grc' dir='ltr'>Μ.</span> <span class='ocrx_word' id='word_1_167' title='bbox 353 2303 506 2380; x_wconf 72' lang='lat' dir='ltr'>Quicquid</span> <span class='ocrx_word' id='word_1_168' title='bbox 533 2305 565 2363; x_wconf 93' lang='lat' dir='ltr'>in</span> <span class='ocrx_word' id='word_1_169' title='bbox 597 2303 732 2380; x_wconf 90' lang='lat' dir='ltr'>homine,</span> <span class='ocrx_word' id='word_1_170' title='bbox 763 2305 836 2363; x_wconf 88' lang='lat' dir='ltr'>licet</span> <span class='ocrx_word' id='word_1_171' title='bbox 862 2303 976 2382; x_wconf 91' lang='lat' dir='ltr'>perfido</span> <span class='ocrx_word' id='word_1_172' title='bbox 1007 2309 1039 2363; x_wconf 86' lang='lat' dir='ltr'>et</span> <span class='ocrx_word' id='word_1_173' title='bbox 1067 2303 1179 2380; x_wconf 91' lang='lat' dir='ltr'>impio,</span> <span class='ocrx_word' id='word_1_174' title='bbox 1203 2303 1346 2363; x_wconf 89' lang='lat' dir='ltr'>veritatis</span> 
     </span>
     <span class='ocr_line' id='line_1_23' title="bbox 200 2389 1347 2468; baseline 0 -20"><span class='ocrx_word' id='word_1_175' title='bbox 200 2409 339 2467; x_wconf 90' lang='lat' dir='ltr'>umquam</span> <span class='ocrx_word' id='word_1_176' title='bbox 361 2391 495 2450; x_wconf 89' lang='lat' dir='ltr'>inveniri</span> <span class='ocrx_word' id='word_1_177' title='bbox 515 2389 623 2468; x_wconf 89' lang='lat' dir='ltr'>potuit,</span> <span class='ocrx_word' id='word_1_178' title='bbox 644 2392 707 2452; x_wconf 88' lang='lat' dir='ltr'>eius</span> <span class='ocrx_word' id='word_1_179' title='bbox 730 2391 790 2451; x_wconf 88' lang='lat' dir='ltr'>fuit</span> <span class='ocrx_word' id='word_1_180' title='bbox 812 2392 864 2468; x_wconf 88' lang='lat' dir='ltr'>qui</span> <span class='ocrx_word' id='word_1_181' title='bbox 885 2391 1037 2451; x_wconf 91' lang='lat' dir='ltr'>hominem</span> <span class='ocrx_word' id='word_1_182' title='bbox 1051 2391 1168 2451; x_wconf 88' lang='lat' dir='ltr'>oreavit</span> <span class='ocrx_word' id='word_1_183' title='bbox 1183 2397 1215 2450; x_wconf 90' lang='lat' dir='ltr'>et</span> <span class='ocrx_word' id='word_1_184' title='bbox 1231 2390 1347 2450; x_wconf 90' lang='lat' dir='ltr'>homini</span> 
     </span>
     <span class='ocr_line' id='line_1_24' title="bbox 201 2477 1347 2555; baseline 0 -19"><span class='ocrx_word' id='word_1_185' title='bbox 201 2477 287 2536; x_wconf 88' lang='lat' dir='ltr'>dedit</span> <span class='ocrx_word' id='word_1_186' title='bbox 311 2477 390 2553; x_wconf 90' lang='lat' dir='ltr'>quod</span> <span class='ocrx_word' id='word_1_187' title='bbox 414 2478 502 2537; x_wconf 92' lang='lat' dir='ltr'>homo</span> <span class='ocrx_word' id='word_1_188' title='bbox 526 2497 580 2554; x_wconf 91' lang='lat' dir='ltr'>per</span> <span class='ocrx_word' id='word_1_189' title='bbox 603 2497 715 2537; x_wconf 85' lang='lat' dir='ltr'>senon</span> <span class='ocrx_word' id='word_1_190' title='bbox 740 2478 857 2540; x_wconf 85' lang='lat' dir='ltr'>habuit.</span> <span class='ocrx_word' id='word_1_191' title='bbox 904 2478 984 2536; x_wconf 88' lang='lat' dir='ltr'>Sunt</span> <span class='ocrx_word' id='word_1_192' title='bbox 1008 2477 1106 2555; x_wconf 88' lang='lat' dir='ltr'>igitur</span> <span class='ocrx_word' id='word_1_193' title='bbox 1128 2477 1161 2536; x_wconf 92' lang='lat' dir='ltr'>in</span> <span class='ocrx_word' id='word_1_194' title='bbox 1183 2477 1347 2536; x_wconf 85' lang='lat' dir='ltr'>literatura</span> 
     </span>
     <span class='ocr_line' id='line_1_25' title="bbox 200 2562 1346 2643; baseline 0.002 -21"><span class='ocrx_word' id='word_1_195' title='bbox 200 2564 329 2624; x_wconf 85' lang='lat' dir='ltr'>seculari</span> <span class='ocrx_word' id='word_1_196' title='bbox 363 2566 524 2623; x_wconf 89' lang='lat' dir='ltr'>verborum</span> <span class='ocrx_word' id='word_1_197' title='bbox 565 2564 711 2642; x_wconf 78' lang='lat' dir='ltr'>quaedam</span> <span class='ocrx_word' id='word_1_198' title='bbox 749 2565 838 2642; x_wconf 87' lang='lat' dir='ltr'>signa</span> <span class='ocrx_word' id='word_1_199' title='bbox 877 2563 994 2643; x_wconf 89' lang='lat' dir='ltr'>aliquid</span> <span class='ocrx_word' id='word_1_200' title='bbox 1033 2564 1257 2642; x_wconf 85' lang='lat' dir='ltr'>significantia,</span> <span class='ocrx_word' id='word_1_201' title='bbox 1294 2562 1346 2624; x_wconf 89' lang='lat' dir='ltr'>sed</span> 
     </span>
     <span class='ocr_line' id='line_1_26' title="bbox 200 2649 1381 2729; baseline 0.002 -21"><span class='ocrx_word' id='word_1_202' title='bbox 200 2650 335 2727; x_wconf 89' lang='lat' dir='ltr'>spiritali</span> <span class='ocrx_word' id='word_1_203' title='bbox 364 2649 592 2728; x_wconf 82' lang='lat' dir='ltr'>intelligentiae</span> <span class='ocrx_word' id='word_1_204' title='bbox 628 2651 752 2710; x_wconf 85' lang='lat' dir='ltr'>minime</span> <span class='ocrx_word' id='word_1_205' title='bbox 783 2651 1015 2729; x_wconf 88' lang='lat' dir='ltr'>compendentia</span> <span class='ocrx_word' id='word_1_206' title='bbox 1042 2672 1097 2711; x_wconf 88' lang='lat' dir='ltr'>neo</span> <span class='ocrx_word' id='word_1_207' title='bbox 1134 2652 1172 2711; x_wconf 88' lang='lat' dir='ltr'>ad</span> <span class='ocrx_word' id='word_1_208' title='bbox 1202 2651 1381 2710; x_wconf 79' lang='lat' dir='ltr'>veritatis25</span> 
     </span>
     <span class='ocr_line' id='line_1_27' title="bbox 200 2736 1346 2816; baseline 0.001 -20"><span class='ocrx_word' id='word_1_209' title='bbox 200 2738 349 2798; x_wconf 86' lang='lat' dir='ltr'>rationem</span> <span class='ocrx_word' id='word_1_210' title='bbox 392 2740 579 2816; x_wconf 86' lang='lat' dir='ltr'>expressiva.</span> <span class='ocrx_word' id='word_1_211' title='bbox 639 2737 845 2798; x_wconf 86' lang='lat' dir='ltr'>Attendamus</span> <span class='ocrx_word' id='word_1_212' title='bbox 883 2758 956 2816; x_wconf 87' lang='lat' dir='ltr'>ergo</span> <span class='ocrx_word' id='word_1_213' title='bbox 987 2736 1144 2798; x_wconf 85' lang='lat' dir='ltr'>Sedulium</span> <span class='ocrx_word' id='word_1_214' title='bbox 1179 2739 1212 2798; x_wconf 90' lang='lat' dir='ltr'>in</span> <span class='ocrx_word' id='word_1_215' title='bbox 1246 2737 1346 2797; x_wconf 89' lang='lat' dir='ltr'>literis</span> 
     </span>
     <span class='ocr_line' id='line_1_28' title="bbox 200 2823 1347 2904; baseline 0.001 -21"><span class='ocrx_word' id='word_1_216' title='bbox 200 2823 396 2902; x_wconf 81' lang='lat' dir='ltr'>ewangelicis</span> <span class='ocrx_word' id='word_1_217' title='bbox 413 2825 557 2897; x_wconf 90' lang='lat' dir='ltr'>sedulum,</span> <span class='ocrx_word' id='word_1_218' title='bbox 570 2825 722 2884; x_wconf 90' lang='lat' dir='ltr'>hominem</span> <span class='ocrx_word' id='word_1_219' title='bbox 732 2824 891 2885; x_wconf 85' lang='lat' dir='ltr'>vernantis</span> <span class='ocrx_word' id='word_1_220' title='bbox 900 2825 1044 2904; x_wconf 89' lang='lat' dir='ltr'>periciae,</span> <span class='ocrx_word' id='word_1_221' title='bbox 1057 2826 1191 2885; x_wconf 82' lang='lat' dir='ltr'>fructum</span> <span class='ocrx_word' id='word_1_222' title='bbox 1201 2824 1347 2886; x_wconf 80' lang='lat' dir='ltr'>scientiae</span> 
     </span>
     <span class='ocr_line' id='line_1_29' title="bbox 200 2910 1347 2990; baseline 0.002 -20"><span class='ocrx_word' id='word_1_223' title='bbox 200 2931 273 2970; x_wconf 88' lang='lat' dir='ltr'>suaa</span> <span class='ocrx_word' id='word_1_224' title='bbox 296 2910 527 2987; x_wconf 87' lang='lat' dir='ltr'>dispertientem</span> <span class='ocrx_word' id='word_1_225' title='bbox 551 2912 705 2972; x_wconf 89' lang='lat' dir='ltr'>ecclesiae.</span> <span class='ocrx_word' id='word_1_226' title='bbox 752 2912 812 2984; x_wconf 77' lang='lat' dir='ltr'>Qui</span> <span class='ocrx_word' id='word_1_227' title='bbox 834 2912 942 2972; x_wconf 90' lang='lat' dir='ltr'>videns</span> <span class='ocrx_word' id='word_1_228' title='bbox 972 2932 1026 2972; x_wconf 90' lang='lat' dir='ltr'>suc</span> <span class='ocrx_word' id='word_1_229' title='bbox 1050 2917 1186 2990; x_wconf 89' lang='lat' dir='ltr'>tempore</span> <span class='ocrx_word' id='word_1_230' title='bbox 1205 2913 1238 2972; x_wconf 92' lang='lat' dir='ltr'>in</span> <span class='ocrx_word' id='word_1_231' title='bbox 1259 2911 1347 2972; x_wconf 90' lang='lat' dir='ltr'>disci·</span> 
     </span>
     <span class='ocr_line' id='line_1_30' title="bbox 201 2997 1346 3076; baseline 0.002 -20"><span class='ocrx_word' id='word_1_232' title='bbox 201 2997 297 3076; x_wconf 89' lang='lat' dir='ltr'>plinis</span> <span class='ocrx_word' id='word_1_233' title='bbox 320 2998 490 3059; x_wconf 86' lang='lat' dir='ltr'>scolaribus</span> <span class='ocrx_word' id='word_1_234' title='bbox 513 2998 676 3076; x_wconf 81' lang='lat' dir='ltr'>gentilium</span> <span class='ocrx_word' id='word_1_235' title='bbox 698 2998 846 3059; x_wconf 91' lang='lat' dir='ltr'>librorum</span> <span class='ocrx_word' id='word_1_236' title='bbox 868 2999 975 3059; x_wconf 87' lang='lat' dir='ltr'>nenias</span> <span class='ocrx_word' id='word_1_237' title='bbox 998 2999 1058 3059; x_wconf 87' lang='lat' dir='ltr'>teri</span> <span class='ocrx_word' id='word_1_238' title='bbox 1082 3003 1113 3057; x_wconf 90' lang='lat' dir='ltr'>et</span> <span class='ocrx_word' id='word_1_239' title='bbox 1131 2999 1239 3060; x_wconf 88' lang='lat' dir='ltr'>literas</span> <span class='ocrx_word' id='word_1_240' title='bbox 1256 2999 1346 3059; x_wconf 86' lang='lat' dir='ltr'>eoele-</span> 
     </span>
     <span class='ocr_line' id='line_1_31' title="bbox 201 3083 1381 3163; baseline 0.001 -21"><span class='ocrx_word' id='word_1_241' title='bbox 201 3083 344 3146; x_wconf 86' lang='lat' dir='ltr'>siastioas</span> <span class='ocrx_word' id='word_1_242' title='bbox 367 3105 491 3163; x_wconf 88' lang='lat' dir='ltr'>prorsus</span> <span class='ocrx_word' id='word_1_243' title='bbox 516 3106 533 3145; x_wconf 90' lang='lat' dir='ltr'>a</span> <span class='ocrx_word' id='word_1_244' title='bbox 556 3085 750 3146; x_wconf 88' lang='lat' dir='ltr'>studentibus</span> <span class='ocrx_word' id='word_1_245' title='bbox 765 3086 891 3163; x_wconf 86' lang='lat' dir='ltr'>negligi,</span> <span class='ocrx_word' id='word_1_246' title='bbox 916 3086 954 3146; x_wconf 88' lang='lat' dir='ltr'>ad</span> <span class='ocrx_word' id='word_1_247' title='bbox 977 3106 1162 3147; x_wconf 89' lang='lat' dir='ltr'>communem</span> <span class='ocrx_word' id='word_1_248' title='bbox 1177 3086 1381 3145; x_wconf 78' lang='lat' dir='ltr'>utilitatem30</span> 
     </span>
     <span class='ocr_line' id='line_1_32' title="bbox 200 3172 1345 3250; baseline 0.001 -20"><span class='ocrx_word' id='word_1_249' title='bbox 200 3177 379 3231; x_wconf 87' lang='lat' dir='ltr'>convertens</span> <span class='ocrx_word' id='word_1_250' title='bbox 407 3173 555 3233; x_wconf 86' lang='lat' dir='ltr'>calamum</span> <span class='ocrx_word' id='word_1_251' title='bbox 585 3173 710 3233; x_wconf 89' lang='lat' dir='ltr'>metrice</span> <span class='ocrx_word' id='word_1_252' title='bbox 740 3172 871 3232; x_wconf 88' lang='lat' dir='ltr'>resolvit</span> <span class='ocrx_word' id='word_1_253' title='bbox 910 3174 1119 3250; x_wconf 87' lang='lat' dir='ltr'>evangelium,</span> <span class='ocrx_word' id='word_1_254' title='bbox 1150 3172 1345 3250; x_wconf 90' lang='lat' dir='ltr'>parvulorum</span> 
     </span>
     <span class='ocr_line' id='line_1_33' title="bbox 198 3257 1344 3336; baseline 0.003 -21"><span class='ocrx_word' id='word_1_255' title='bbox 198 3257 366 3333; x_wconf 87' lang='lat' dir='ltr'>primordia</span> <span class='ocrx_word' id='word_1_256' title='bbox 386 3259 429 3319; x_wconf 89' lang='lat' dir='ltr'>sie</span> <span class='ocrx_word' id='word_1_257' title='bbox 442 3258 588 3330; x_wconf 88' lang='lat' dir='ltr'>imbuens,</span> <span class='ocrx_word' id='word_1_258' title='bbox 611 3265 647 3318; x_wconf 88' lang='lat' dir='ltr'>ut</span> <span class='ocrx_word' id='word_1_259' title='bbox 664 3259 766 3319; x_wconf 88' lang='lat' dir='ltr'>infuso</span> <span class='ocrx_word' id='word_1_260' title='bbox 784 3259 926 3319; x_wconf 88' lang='lat' dir='ltr'>veritatis</span> <span class='ocrx_word' id='word_1_261' title='bbox 945 3259 1054 3336; x_wconf 87' lang='lat' dir='ltr'>pooulo</span> <span class='ocrx_word' id='word_1_262' title='bbox 1074 3259 1223 3320; x_wconf 83' lang='lat' dir='ltr'>falsitatis</span> <span class='ocrx_word' id='word_1_263' title='bbox 1238 3259 1344 3318; x_wconf 90' lang='lat' dir='ltr'>amodo</span> 
     </span>
     <span class='ocr_line' id='line_1_34' title="bbox 199 3343 1397 3424; baseline 0.003 -23"><span class='ocrx_word' id='word_1_264' title='bbox 199 3363 258 3403; x_wconf 90' lang='lat' dir='ltr'>non</span> <span class='ocrx_word' id='word_1_265' title='bbox 283 3345 508 3406; x_wconf 84' lang='lat' dir='ltr'>delectarentur</span> <span class='ocrx_word' id='word_1_266' title='bbox 530 3345 698 3408; x_wconf 89' lang='lat' dir='ltr'>absinthio.</span> <span class='ocrx_word' id='word_1_267' title='bbox 736 3346 888 3424; x_wconf 75' lang='lat' dir='ltr'>Quicquid</span> <span class='ocrx_word' id='word_1_268' title='bbox 912 3348 991 3406; x_wconf 89' lang='lat' dir='ltr'>enim</span> <span class='ocrx_word' id='word_1_269' title='bbox 1013 3353 1120 3406; x_wconf 89' lang='lat' dir='ltr'>tenera</span> <span class='ocrx_word' id='word_1_270' title='bbox 1135 3356 1221 3405; x_wconf 80' lang='lat' dir='ltr'>aetas</span> <span class='ocrx_word' id='word_1_271' title='bbox 1238 3347 1344 3423; x_wconf 89' lang='lat' dir='ltr'>primis</span> <span class='ocrx_word' id='word_1_272' title='bbox 1390 3343 1397 3381; x_wconf 68' lang='lat'>&#39;¹</span> 
     </span>
     <span class='ocr_line' id='line_1_35' title="bbox 199 3431 1292 3512; baseline 0.005 -25"><span class='ocrx_word' id='word_1_273' title='bbox 199 3431 356 3492; x_wconf 88' lang='lat' dir='ltr'>imbiberit</span> <span class='ocrx_word' id='word_1_274' title='bbox 379 3433 475 3501; x_wconf 89' lang='lat' dir='ltr'>annis,</span> <span class='ocrx_word' id='word_1_275' title='bbox 499 3433 598 3492; x_wconf 89' lang='lat' dir='ltr'>artius</span> <span class='ocrx_word' id='word_1_276' title='bbox 622 3435 738 3492; x_wconf 89' lang='lat' dir='ltr'>retinet</span> <span class='ocrx_word' id='word_1_277' title='bbox 760 3433 798 3492; x_wconf 88' lang='lat' dir='ltr'>ad</span> <span class='ocrx_word' id='word_1_278' title='bbox 821 3437 954 3494; x_wconf 86' lang='lat' dir='ltr'>fructum</span> <span class='ocrx_word' id='word_1_279' title='bbox 976 3433 1060 3495; x_wconf 86' lang='lat' dir='ltr'>vitae</span> <span class='ocrx_word' id='word_1_280' title='bbox 1082 3433 1292 3512; x_wconf 79' lang='lat' dir='ltr'>provectioris,</span> 
     </span>
    </p>
   </div>
   <div class='ocr_carea' id='block_1_3' title="bbox 270 3632 484 3712">
    <p class='ocr_par' dir='ltr' id='par_1_7' title="bbox 270 3632 484 3712">
     <span class='ocr_line' id='line_1_36' title="bbox 270 3632 484 3712; baseline 0 -27"><span class='ocrx_word' id='word_1_281' title='bbox 270 3638 299 3712; x_wconf 28' lang='lat'>1&#39;4</span> <span class='ocrx_word' id='word_1_282' title='bbox 309 3632 385 3701; x_wconf 88' lang='lat' dir='ltr'>quot]</span> <span class='ocrx_word' id='word_1_283' title='bbox 405 3633 484 3701; x_wconf 90' lang='lat' dir='ltr'>quod.</span> 
     </span>
    </p>
   </div>
   <div class='ocr_carea' id='block_1_4' title="bbox 198 3759 511 3769">
    <p class='ocr_par' dir='ltr' id='par_1_8' title="bbox 198 3759 511 3769">
     <span class='ocr_line' id='line_1_37' title="bbox 198 3759 511 3769; baseline 0 -1"><span class='ocrx_word' id='word_1_284' title='bbox 198 3759 275 3766; x_wconf 70' lang='lat' dir='ltr'>u—-—</span> <span class='ocrx_word' id='word_1_285' title='bbox 407 3761 416 3765; x_wconf 94' lang='lat'>-</span> <span class='ocrx_word' id='word_1_286' title='bbox 460 3761 511 3769; x_wconf 73' lang='lat'>.—-</span> 
     </span>
    </p>
   </div>
   <div class='ocr_carea' id='block_1_5' title="bbox 287 3895 328 3947">
    <p class='ocr_par' dir='ltr' id='par_1_9' title="bbox 287 3895 328 3947">
     <span class='ocr_line' id='line_1_38' title="bbox 287 3895 328 3947; baseline 0.024 -1"><span class='ocrx_word' id='word_1_287' title='bbox 287 3895 328 3947; x_wconf 72' lang='lat' dir='ltr'>5f.</span> 
     </span>
    </p>
   </div>
   <div class='ocr_carea' id='block_1_6' title="bbox 287 3814 1144 4016">
    <p class='ocr_par' dir='ltr' id='par_1_10' title="bbox 287 3814 1144 4016">
     <span class='ocr_line' id='line_1_39' title="bbox 287 3814 1144 4016; baseline 0.005 -138"><span class='ocrx_word' id='word_1_288' title='bbox 287 3825 312 3894; x_wconf 83' lang='lat'>5]</span> <span class='ocrx_word' id='word_1_289' title='bbox 331 3829 447 4016; x_wconf 58' lang='lat' dir='ltr'>pprtasne</span> <span class='ocrx_word' id='word_1_290' title='bbox 465 3826 533 3878; x_wconf 87' lang='lat' dir='ltr'>wird</span> <span class='ocrx_word' id='word_1_291' title='bbox 552 3827 621 3879; x_wconf 88' lang='lat' dir='ltr'>euch</span> <span class='ocrx_word' id='word_1_292' title='bbox 640 3827 677 3879; x_wconf 93' lang='lat' dir='ltr'>im</span> <span class='ocrx_word' id='word_1_293' title='bbox 698 3827 773 3896; x_wconf 86' lang='lat' dir='ltr'>Spee.</span> <span class='ocrx_word' id='word_1_294' title='bbox 792 3829 867 3895; x_wconf 86' lang='lat' dir='ltr'>Virg.</span> <span class='ocrx_word' id='word_1_295' title='bbox 886 3814 955 3895; x_wconf 83' lang='lat' dir='ltr'>gain</span> <span class='ocrx_word' id='word_1_296' title='bbox 973 3829 1144 3895; x_wconf 73' lang='lat' dir='ltr'>angemundt.</span> 
     </span>
    </p>
   </div>
   <div class='ocr_carea' id='block_1_7' title="bbox 195 3895 1342 4449">
    <p class='ocr_par' dir='ltr' id='par_1_11' title="bbox 361 3895 729 3956">
     <span class='ocr_line' id='line_1_40' title="bbox 361 3895 729 3956; baseline 0 -8"><span class='ocrx_word' id='word_1_297' title='bbox 361 3895 433 3948; x_wconf 84' lang='lat' dir='ltr'>Citat</span> <span class='ocrx_word' id='word_1_298' title='bbox 451 3913 501 3948; x_wconf 85' lang='lat' dir='ltr'>aus</span> <span class='ocrx_word' id='word_1_299' title='bbox 519 3896 608 3949; x_wconf 86' lang='lat' dir='ltr'>Lucas</span> <span class='ocrx_word' id='word_1_300' title='bbox 627 3897 668 3956; x_wconf 82' lang='grc'>21,</span> <span class='ocrx_word' id='word_1_301' title='bbox 689 3897 729 3949; x_wconf 87' lang='grc'>33.</span> 
     </span>
    </p>

    <p class='ocr_par' dir='ltr' id='par_1_12' title="bbox 269 3965 1272 4034">
     <span class='ocr_line' id='line_1_41' title="bbox 269 3965 1272 4034; baseline 0.005 -19"><span class='ocrx_word' id='word_1_302' title='bbox 269 3968 298 4006; x_wconf 73' lang='lat'>2?</span> <span class='ocrx_word' id='word_1_303' title='bbox 364 3981 430 4030; x_wconf 82' lang='lat' dir='ltr'>ugo</span> <span class='ocrx_word' id='word_1_304' title='bbox 448 3982 476 4017; x_wconf 87' lang='lat' dir='ltr'>v.</span> <span class='ocrx_word' id='word_1_305' title='bbox 494 3965 636 4032; x_wconf 85' lang='lat' dir='ltr'>Trimberg</span> <span class='ocrx_word' id='word_1_306' title='bbox 653 3966 687 4018; x_wconf 89' lang='lat' dir='ltr'>V.</span> <span class='ocrx_word' id='word_1_307' title='bbox 705 3966 768 4018; x_wconf 79' lang='lat'>404:</span> <span class='ocrx_word' id='word_1_308' title='bbox 787 3965 915 4019; x_wconf 80' lang='lat' dir='ltr'>Seduliua</span> <span class='ocrx_word' id='word_1_309' title='bbox 934 3969 1016 4034; x_wconf 79' lang='lat' dir='ltr'>quusi</span> <span class='ocrx_word' id='word_1_310' title='bbox 1034 3969 1142 4021; x_wconf 83' lang='lat' dir='ltr'>dolam</span> <span class='ocrx_word' id='word_1_311' title='bbox 1161 3971 1272 4022; x_wconf 79' lang='lat' dir='ltr'>aeacus!</span> 
     </span>
    </p>

    <p class='ocr_par' dir='ltr' id='par_1_13' title="bbox 198 4033 1342 4172">
     <span class='ocr_line' id='line_1_42' title="bbox 268 4033 1342 4105; baseline 0.007 -21"><span class='ocrx_word' id='word_1_312' title='bbox 268 4037 298 4075; x_wconf 79' lang='lat'>29</span> <span class='ocrx_word' id='word_1_313' title='bbox 333 4034 453 4097; x_wconf 86' lang='lat' dir='ltr'>‘neniae’,</span> <span class='ocrx_word' id='word_1_314' title='bbox 472 4033 643 4087; x_wconf 77' lang='lat' dir='ltr'>verdchtlich</span> <span class='ocrx_word' id='word_1_315' title='bbox 654 4034 894 4088; x_wconf 88' lang='lat' dir='ltr'>vonheidnisohen</span> <span class='ocrx_word' id='word_1_316' title='bbox 907 4035 1068 4090; x_wconf 87' lang='lat' dir='ltr'>Klassikern</span> <span class='ocrx_word' id='word_1_317' title='bbox 1085 4041 1190 4105; x_wconf 83' lang='lat' dir='ltr'>gesagt,</span> <span class='ocrx_word' id='word_1_318' title='bbox 1210 4039 1246 4090; x_wconf 88' lang='lat' dir='ltr'>ist</span> <span class='ocrx_word' id='word_1_319' title='bbox 1264 4037 1342 4092; x_wconf 88' lang='lat' dir='ltr'>nicht</span> 
     </span>
     <span class='ocr_line' id='line_1_43' title="bbox 198 4101 1022 4172; baseline 0.006 -18"><span class='ocrx_word' id='word_1_320' title='bbox 198 4101 294 4164; x_wconf 82' lang='lat' dir='ltr'>sellan,</span> <span class='ocrx_word' id='word_1_321' title='bbox 314 4118 345 4154; x_wconf 87' lang='lat' dir='ltr'>so</span> <span class='ocrx_word' id='word_1_322' title='bbox 362 4101 405 4155; x_wconf 88' lang='lat' dir='ltr'>bei</span> <span class='ocrx_word' id='word_1_323' title='bbox 424 4102 482 4155; x_wconf 90' lang='lat' dir='ltr'>Odo</span> <span class='ocrx_word' id='word_1_324' title='bbox 500 4121 526 4155; x_wconf 87' lang='lat' dir='ltr'>v.</span> <span class='ocrx_word' id='word_1_325' title='bbox 546 4103 642 4172; x_wconf 83' lang='lat' dir='ltr'>Cluny,</span> <span class='ocrx_word' id='word_1_326' title='bbox 661 4104 754 4170; x_wconf 81' lang='lat' dir='ltr'>Migne</span> <span class='ocrx_word' id='word_1_327' title='bbox 774 4104 832 4166; x_wconf 83' lang='lat'>133,</span> <span class='ocrx_word' id='word_1_328' title='bbox 852 4105 901 4158; x_wconf 89' lang='lat' dir='ltr'>col.</span> <span class='ocrx_word' id='word_1_329' title='bbox 919 4106 962 4158; x_wconf 88' lang='grc'>49.</span> <span class='ocrx_word' id='word_1_330' title='bbox 981 4107 1022 4159; x_wconf 82' lang='grc'>89.</span> 
     </span>
    </p>

    <p class='ocr_par' dir='ltr' id='par_1_14' title="bbox 195 4170 1341 4449">
     <span class='ocr_line' id='line_1_44' title="bbox 285 4170 1339 4240; baseline 0.007 -17"><span class='ocrx_word' id='word_1_331' title='bbox 285 4171 359 4239; x_wconf 70' lang='grc'>321]</span> <span class='ocrx_word' id='word_1_332' title='bbox 379 4189 413 4223; x_wconf 89' lang='lat' dir='ltr'>zu</span> <span class='ocrx_word' id='word_1_333' title='bbox 433 4170 565 4240; x_wconf 86' lang='lat' dir='ltr'>‘poculum</span> <span class='ocrx_word' id='word_1_334' title='bbox 586 4173 803 4225; x_wconf 87' lang='lat' dir='ltr'>-absinthium</span> <span class='ocrx_word' id='word_1_335' title='bbox 822 4174 877 4239; x_wconf 90' lang='lat' dir='ltr'>vgl.</span> <span class='ocrx_word' id='word_1_336' title='bbox 897 4174 939 4227; x_wconf 89' lang='lat' dir='ltr'>die</span> <span class='ocrx_word' id='word_1_337' title='bbox 959 4193 1012 4228; x_wconf 83' lang='lat' dir='ltr'>von</span> <span class='ocrx_word' id='word_1_338' title='bbox 1030 4174 1186 4240; x_wconf 82' lang='lat' dir='ltr'>Quintilian,</span> <span class='ocrx_word' id='word_1_339' title='bbox 1217 4176 1281 4230; x_wconf 88' lang='lat' dir='ltr'>inst.</span> <span class='ocrx_word' id='word_1_340' title='bbox 1301 4195 1339 4230; x_wconf 91' lang='lat' dir='ltr'>or.</span> 
     </span>
     <span class='ocr_line' id='line_1_45' title="bbox 197 4238 1340 4312; baseline 0.006 -21"><span class='ocrx_word' id='word_1_341' title='bbox 197 4238 250 4303; x_wconf 91' lang='lat' dir='ltr'>III,</span> <span class='ocrx_word' id='word_1_342' title='bbox 278 4240 305 4304; x_wconf 93' lang='lat' dir='ltr'>l,</span> <span class='ocrx_word' id='word_1_343' title='bbox 331 4241 349 4292; x_wconf 89' lang='grc'>4</span> <span class='ocrx_word' id='word_1_344' title='bbox 382 4240 436 4293; x_wconf 90' lang='lat' dir='ltr'>und</span> <span class='ocrx_word' id='word_1_345' title='bbox 461 4259 516 4293; x_wconf 89' lang='lat' dir='ltr'>von</span> <span class='ocrx_word' id='word_1_346' title='bbox 539 4241 723 4312; x_wconf 87' lang='lat' dir='ltr'>Hieronymus</span> <span class='ocrx_word' id='word_1_347' title='bbox 746 4241 838 4308; x_wconf 88' lang='lat' dir='ltr'>Migne</span> <span class='ocrx_word' id='word_1_348' title='bbox 862 4243 909 4307; x_wconf 86' lang='grc'>22,</span> <span class='ocrx_word' id='word_1_349' title='bbox 939 4244 1002 4296; x_wconf 83' lang='grc'>1151</span> <span class='ocrx_word' id='word_1_350' title='bbox 1032 4245 1155 4298; x_wconf 85' lang='lat' dir='ltr'>eitierten</span> <span class='ocrx_word' id='word_1_351' title='bbox 1179 4246 1267 4298; x_wconf 89' lang='lat' dir='ltr'>Verse</span> <span class='ocrx_word' id='word_1_352' title='bbox 1292 4246 1340 4298; x_wconf 90' lang='lat' dir='ltr'>des</span> 
     </span>
     <span class='ocr_line' id='line_1_46' title="bbox 195 4308 1340 4380; baseline 0.005 -20"><span class='ocrx_word' id='word_1_353' title='bbox 195 4308 301 4362; x_wconf 84' lang='lat' dir='ltr'>Lukrez</span> <span class='ocrx_word' id='word_1_354' title='bbox 328 4309 347 4372; x_wconf 95' lang='lat' dir='ltr'>l,</span> <span class='ocrx_word' id='word_1_355' title='bbox 372 4309 423 4362; x_wconf 84' lang='lat'>936</span> <span class='ocrx_word' id='word_1_356' title='bbox 441 4310 482 4374; x_wconf 85' lang='lat' dir='ltr'>ff.,</span> <span class='ocrx_word' id='word_1_357' title='bbox 508 4310 554 4374; x_wconf 81' lang='lat' dir='ltr'>IV,</span> <span class='ocrx_word' id='word_1_358' title='bbox 576 4310 704 4363; x_wconf 71' lang='grc'>1111-</span> <span class='ocrx_word' id='word_1_359' title='bbox 723 4311 962 4378; x_wconf 87' lang='lat' dir='ltr'>Augustinus,</span> <span class='ocrx_word' id='word_1_360' title='bbox 988 4314 1020 4366; x_wconf 91' lang='lat' dir='ltr'>de</span> <span class='ocrx_word' id='word_1_361' title='bbox 1046 4313 1096 4367; x_wconf 82' lang='lat' dir='ltr'>eir.</span> <span class='ocrx_word' id='word_1_362' title='bbox 1116 4314 1158 4368; x_wconf 91' lang='lat' dir='ltr'>dei</span> <span class='ocrx_word' id='word_1_363' title='bbox 1180 4315 1206 4380; x_wconf 89' lang='lat'>1,</span> <span class='ocrx_word' id='word_1_364' title='bbox 1233 4315 1249 4368; x_wconf 89' lang='grc'><strong>3</strong></span> <span class='ocrx_word' id='word_1_365' title='bbox 1274 4316 1340 4368; x_wconf 80' lang='lat' dir='ltr'>tiber</span> 
     </span>
     <span class='ocr_line' id='line_1_47' title="bbox 195 4377 1341 4449; baseline 0.004 -20"><span class='ocrx_word' id='word_1_366' title='bbox 195 4377 413 4444; x_wconf 84' lang='lat' dir='ltr'>Vergillektbre:</span> <span class='ocrx_word' id='word_1_367' title='bbox 443 4383 526 4446; x_wconf 77' lang='lat' dir='ltr'>poeta</span> <span class='ocrx_word' id='word_1_368' title='bbox 549 4395 664 4446; x_wconf 66' lang='lat' dir='ltr'>irruguus</span> <span class='ocrx_word' id='word_1_369' title='bbox 686 4399 737 4432; x_wconf 58' lang='lat' dir='ltr'>n«</span> <span class='ocrx_word' id='word_1_370' title='bbox 761 4382 859 4434; x_wconf 71' lang='lat' dir='ltr'>leceris</span> <span class='ocrx_word' id='word_1_371' title='bbox 884 4382 1000 4436; x_wconf 77' lang='lat' dir='ltr'>ebibitus</span> <span class='ocrx_word' id='word_1_372' title='bbox 1028 4383 1157 4436; x_wconf 77' lang='lat' dir='ltr'>coluris</span> <span class='ocrx_word' id='word_1_373' title='bbox 1182 4401 1236 4437; x_wconf 80' lang='lat' dir='ltr'>oon</span> <span class='ocrx_word' id='word_1_374' title='bbox 1255 4385 1341 4449; x_wconf 73' lang='lat' dir='ltr'>facile</span> 
     </span>
    </p>
   </div>
   <div class='ocr_carea' id='block_1_8' title="bbox 0 0 1662 5170">
    <p class='ocr_par' dir='ltr' id='par_1_15' title="bbox 0 0 1662 5170">
     <span class='ocr_line' id='line_1_48' title="bbox 0 0 1662 5170; baseline 0 1"><span class='ocrx_word' id='word_1_375' title='bbox 0 0 1662 5170; x_wconf 95' lang='lat' dir='ltr'> </span> 
     </span>
    </p>
   </div>
  </div>
 </body>
</html>
