3316 5170
765 351 976 406 ..22-

391 520 433 578 Μ.
456 517 566 578 Victus
589 515 823 594 importunitate
845 523 899 578 tua
922 539 1034 580 morem
1056 519 1115 580 tibi
1134 539 1237 598 geram
1259 527 1290 580 et
1311 519 1389 597 quod
1406 521 1447 580 ab

304 605 376 668 aliie
391 604 571 683 accepimus,
593 603 654 663 tibi
669 605 932 680 communicamus,
956 605 1036 666 sieut
1058 606 1172 684 corripi
1194 606 1237 668 sic
1260 606 1375 685 corrigi
1397 627 1446 668 cu·

305 695 432 774 pientes,
453 693 480 753 si
492 691 701 752 erraverimus.
724 693 838 752 Verum
859 692 937 770 quod
954 693 1093 772 superius
1108 693 1278 771 inquisisti,
1299 699 1444 771 quantum

306 780 354 843 vel
377 780 495 858 quando
526 779 593 856 quis
617 778 774 857 scripserit
796 786 919 856 auctor,
950 779 986 840 de
1016 779 1155 841 amnibus
1185 779 1355 841 certificare
1385 801 1445 842 non

283 875 473 947 l>possumus
498 865 627 926 maxime
653 865 864 944 complurimi
887 887 988 928 eorum
1003 867 1137 945 plurima
1160 866 1347 945 scripserint,
1370 887 1449 947 quae

306 975 359 1016 uec
382 954 420 1015 ad
442 954 510 1014 loca
543 958 650 1013 nostra
674 953 723 1012 vel
750 959 890 1031 tempora
908 932 1235 1032 perveneruntllNon
1262 959 1363 1014 autern
1387 955 1447 1015 erit

305 1040 429 1104 difficile
451 1039 540 1101 nobis
563 1038 655 1099 inniti
678 1040 820 1118 vestigiis
844 1040 971 1101 aliorum
994 1046 1027 1099 et
1048 1047 1079 1100 te
1103 1041 1190 1118 qnasi
1213 1041 1252 1101 ad
1273 1045 1379 1120 portae
1401 1042 1446 1101 in·

305 1129 432 1190 troitum
457 1126 494 1186 ad
517 1125 671 1206 principia
693 1125 809 1200 ducere,
833 1147 958 1204 quorum
981 1127 1126 1188 noticiam
1144 1128 1264 1206 quaeris
1280 1117 1468 1220 auctorumll

392 1217 431 1276 1).
454 1213 559 1291 Incipe
581 1213 689 1296 igitur.

271 1313 297 1356 10
392 1305 434 1362 Μ.
457 1301 549 1361 iuxta
577 1299 712 1361 ordinem
739 1300 972 1378 inquisitionum
995 1306 1116 1361 tuarum
1138 1301 1313 1380 procedam,
1337 1303 1448 1382 quibus

306 1410 361 1468 pro
378 1409 464 1468 posse
481 1391 586 1449 nostro
606 1386 757 1463 expeditis
778 1387 937 1466 loquamur
949 1386 986 1448 de
1003 1395 1160 1450 auctorum
1177 1389 1287 1451 initiis.
1311 1391 1446 1451 Primum

306 1476 427 1555 quidem
451 1475 487 1536 de
508 1475 622 1552 pagiua
643 1472 781 1534 liminari
798 1474 945 1552 quaesisti
963 1474 1044 1535 idest
1062 1475 1098 1535 ds
1114 1476 1206 1537 titulo
1230 1481 1261 1536 et
1282 1476 1318 1538 de
1329 1477 1449 1548 ceteris,

305 1563 356 1624 sed
381 1563 453 1642 quia
484 1562 544 1621 ista
581 1580 697 1639 semper
726 1561 925 1622 inveniuntur
951 1560 1113 1640 inlibris,
1145 1563 1273 1640 primum
1302 1564 1375 1641 qnid
1405 1564 1449 1624 sit

305 1649 383 1711 liber
406 1648 536 1710 attende.

271 1747 297 1789 15
392 1737 431 1796 D.
454 1736 499 1796 Ut
521 1734 578 1799 vis.

394 1825 436 1883 Μ.
460 1822 573 1883 Liber
597 1821 741 1900 equivoco
764 1822 892 1901 dicitur3
917 1843 986 1882 narn
1008 1821 1088 1883 liber
1108 1842 1322 1901 pergamenum
1345 1825 1449 1904 appel·

313 1945 615 1959 r———--——-

395 1993 421 2063 2]
440 2008 505 2045 man
523 1993 650 2046 erwartet
669 1990 952 2046 ‘communicabimus’.

310 2084 566 2094 ——---·—-—-

397 2113 421 2184 1]
440 2133 474 2168 zu
495 2112 701 2185 ‘importunitas’
722 2131 743 2166 s.
763 2113 1029 2178 dasAugustincitat
1047 2115 1115 2168 oben
1132 2113 1157 2169 S.
1179 2115 1219 2179 19,
1240 2115 1266 2178 1;
1286 2113 1448 2169 Wilhelm

307 2201 333 2237 v.
352 2182 540 2250 Hirschau,
565 2183 737 2250 Migne150‚
762 2183 840 2236 1639:
872 2184 959 2236 antica
984 2185 1071 2251 coepit
1089 2185 1294 2253 importunitate
1315 2183 1382 2252 quid
1401 2184 1449 2236 ha-

307 2253 392 2305 bere-m
410 2269 549 2321 quaeram
577 2253 670 2306 Bern.
699 2253 800 2321 Trap:
824 2254 1009 2305 aestuatum
1036 2260 1145 2322 propter
1170 2269 1260 2306 aarum
1288 2253 1447 2321 importuni·

307 2327 387 2377 tatem
405 2337 581 2391 carperemus.

394 2392 420 2460 2]
439 2391 484 2444 ftir
511 2391 553 2444 die
571 2389 749 2458 Verbindung
773 2390 935 2446 ‘sicut-sic'
960 2389 1033 2458 zeigt
1050 2391 1082 2445 K.
1108 2390 1167 2445 eine
1192 2407 1290 2458 grosse
1309 2391 1446 2455 Vorliebe,

307 2460 377 2514 auch
394 2459 433 2513 im
452 2460 527 2541 Spsc.
546 2460 621 2528 Virg.

394 2529 658 2600 acorripucorrigi]
678 2529 740 2598 Spe
749 2547 770 2584 c.
790 2529 852 2584 Vir
859 2547 885 2598 g.
906 2530 947 2584 Bl.
969 2530 1038 2601 182:
1064 2530 1150 2599 pudet
1168 2545 1210 2582 eos
1235 2545 1268 2583 aa
1292 2532 1372 2598 lapsa
1390 2544 1447 2582 eor·

304 2598 362 2668 sipi
380 2604 405 2652 et
421 2601 496 2668 pipat
514 2599 625 2668 corripi.
896 2633 908 2655 ·.

394 2675 408 2710 4
440 2685 461 2721 s.
481 2668 523 2721 die
542 2667 668 2721 thniiche
685 2667 922 2736 Entschuldigung
939 2667 982 2722 bei
999 2669 1079 2734 Hugo
1098 2686 1123 2720 v.
1143 2667 1286 2735 Trimberg
1303 2667 1335 2720 V.
1354 2667 1405 2721 695
1418 2667 1446 2720 ff.

396 2741 407 2779 7
439 2737 506 2790 tiber
522 2737 649 2790 Kourads
667 2736 781 2803 Quellen
799 2755 820 2790 s.
840 2737 908 2791 oben
926 2737 1014 2790 maine
1030 2736 1194 2804 Einleitung.

380 2810 408 2848 ¹0
441 2809 497 2876 ‘pro
519 2823 599 2875 posse
626 2806 748 2876 (nostro)’
774 2806 859 2859 findet
885 2805 944 2859 sich
972 2805 1042 2859 auch
1066 2805 1105 2860 im
1123 2805 1275 2874 folgenden,
1304 2805 1386 2859 sowie
1410 2806 1447 2858 im

307 2873 384 2945 Spec.
428 2873 477 2942 irg.
498 2876 546 2929 des
564 2875 680 2938 litteram
700 2875 755 2942 vgl.
774 2874 905 2928 Wilhelm
922 2892 948 2928 v.
967 2873 1112 2939 Hirsehau,
1131 2875 1223 2942 Migne
1242 2875 1299 2940 150,
1319 2874 1377 2928 928.

379 2943 421 3014 16]
441 2944 484 2998 die
501 2944 647 3012 folgenden
665 2943 1002 3012 Begriffsbestimmungan
1026 2943 1076 2997 hat
1092 2945 1204 2998 Kanrad
1221 2944 1293 2998 wohl
1318 2961 1367 2997 aus
1386 2944 1449 2997 dem

307 3013 602 3067 Theodulkommentar
620 3014 668 3067 des
680 3013 880 3067 Bernardus
898 3012 1140 3082 Trajectensis
1165 3015 1198 3083 (s.
1209 3015 1277 3068 oben
1291 3011 1447 3079 Einleitung

307 3082 333 3136 S.
345 3083 389 3151 14)
398 3082 550 3152 gmehtpft,
560 3100 602 3136 wo
612 3100 663 3135 nur
676 3082 718 3136 die
727 3082 895 3161 Anordnung
905 3081 1035 3136 auweilen
1044 3081 1104 3153 cipe
1114 3084 1212 3136 andere
1221 3083 1269 3146 ist;
1283 3082 1362 3135 Bern.
1373 3081 1447 3204 Trap'l.

307 3151 467 3205 seinerseits
483 3151 558 3205 tuest
574 3151 705 3206 teilweise
724 3151 774 3205 auf
790 3151 891 3204 Isrdors
910 3151 1036 3218 origines.
1060 3152 1210 3207 Ahnliches
1228 3151 1277 3206 hat
1295 3169 1317 3203 z.
1330 3151 1360 3204 B.
1377 3168 1428 3204 aue

306 3221 387 3288 Hugo
406 3221 438 3274 de
457 3219 483 3274 S.
502 3220 621 3284 Victore,
639 3220 731 3288 Migne
751 3221 808 3285 176,
828 3219 878 3273 788
896 3219 923 3272 ff.
941 3239 967 3274 u.
987 3239 1010 3274 a.

377 3289 559 3359 uum-tea]
573 3290 769 3343 Bernardus
782 3288 860 3359 Traj
869 3289 1024 3343 ectensis
1042 3290 1111 3359 (cod.
1122 3291 1235 3344 Vindob.
1248 3290 1322 3356 1757,
1335 3291 1375 3346 Bl.
1387 3291 1447 3359 25):

308 3359 432 3424 „Liber
450 3359 576 3428 equiooae
594 3358 714 3424 dicitur5
733 3375 797 3410 uam
809 3359 876 3412 liber
888 3361 1045 3427 appellatur
1060 3375 1249 3429 perpameaum
1269 3375 1328 3414 eum
1346 3361 1448 3415 aetatis

308 3428 398 3483 dietus
416 3446 433 3481 a
451 3428 520 3481 libro
539 3427 646 3480 arboris
664 3428 769 3492 cortice,
794 3429 823 3480 ia
841 3443 894 3496 qao
905 3433 967 3482 aute
985 3445 1063 3481 usum
1080 3429 1248 3481 membranae
1265 3430 1447 3495 seruiebatam

223 3511 226 3517 ·
307 3519 344 3547 μ
364 3499 430 3550 tiber
448 3498 528 3551 etiam
548 3497 651 3550 dieitur
662 3497 944 3551 eoluctiooraticaam
962 3499 1003 3551 ael
1018 3499 1145 3569 prolixae
1162 3502 1303 3552 contextas
1314 3499 1449 3552 arationis

308 3568 345 3621 ad
363 3565 515 3635 aauaaqaid
534 3568 648 3629 tendens,
675 3571 779 3620 tractae
807 3582 824 3618 a
849 3567 990 3620 liberanda
1013 3583 1042 3620 eo
1067 3567 1139 3636 quad
1163 3568 1241 3621 lectio
1256 3569 1411 3637 pierumque
1429 3585 1447 3620 a

308 3638 383 3692 caris
401 3637 520 3688 animum
539 3635 701 3704 suspendat:
721 3641 745 3688 et
763 3635 830 3688 liter
847 3637 953 3704 quidem
969 3653 1054 3705 pirosa
1071 3638 1111 3690 aei
1129 3637 1226 3689 atticam
1245 3637 1285 3689 uel
1302 3643 1384 3690 metro
1406 3640 1449 3692 uei

308 3707 402 3759 horam
421 3705 524 3758 dactus
543 3710 655 3758 coastat.
693 3703 753 3773 [Die
770 3704 963 3761 Mtinchner
985 3707 1053 3760 Hes
1072 3706 1112 3759 T¹
1131 3705 1169 3759 '1⁸²
1186 3737 1221 3745 —
1240 3723 1260 3761 s.
1280 3706 1368 3761 moine
1385 3706 1448 3761 Ein—

307 3775 411 3841 leitung
424 3804 451 3812 -
467 3774 555 3828 haben
572 3774 609 3828 im
628 3773 774 3827 Absehnitt
791 3775 858 3828 tiber
866 3775 1043 3829 Prudentius:
1063 3776 1129 3828 liber
1148 3775 1252 3828 dieitur
1270 3792 1287 3828 a
1306 3775 1448 3829 liberando

308 3844 348 3898 oei
370 3859 388 3895 a
406 3842 539 3908 libranda,
561 3842 703 3897 liberando
725 3843 791 3912 qaia
816 3861 864 3897 aas
886 3843 996 3914 tepente
1020 3845 1117 3898 liberat
1141 3845 1174 3898 ab
1196 3860 1295 3910 errare,
1320 3845 1446 3898 librando

309 3913 375 3982 qaia
392 3913 565 3966 iateutioaem
584 3929 643 3967 cum
660 3913 776 3966 materia
795 3914 889 3978 libram
908 3944 941 3954 -
960 3932 981 3967 s.
1001 3931 1035 3967 zu
1058 3913 1126 3968 liber
1148 3914 1218 3967 auch
1238 3914 1382 3968 Cassiodor
1403 3915 1447 3968 bei

308 3981 401 4050 Migne
412 3982 452 4046 70,
473 3983 552 4046 1151;
571 3982 691 4047 Isid.‚or.
709 3982 756 4046 VI,
777 3983 816 4047 13,
836 3984 852 4036 3
870 3983 924 4037 und
942 3983 1027 4047 XVII,
1047 3983 1070 4048 6,
1091 3983 1143 4051 16.]
1167 3983 1282 4036 Prusa
1301 3990 1340 4038 est
1357 3985 1446 4037 aratio

308 4052 385 4104 metri
403 4054 457 4117 ispe
474 4053 564 4104 solata
591 4051 664 4106 dieta
692 4067 709 4103 a·
733 4067 834 4118 prosoa
860 4051 932 4121 quad
957 4052 1067 4106 ductum
1089 4054 1131 4106 oei
1148 4051 1278 4117 diffusum
1295 4060 1374 4106 scaat
1393 4053 1446 4122 [die

308 4120 997 4260 astutiamquetutatust
1014 4139 1119 4244 aas
1128 4122 1274 4244 ..107117
1285 4122 1444 4261 iiiiii·

309 4275 378 4311 raus
397 4265 434 4311 est
452 4258 499 4311 ubi
517 4259 677 4312 sillabarum
695 4264 801 4311 tautum
819 4261 1007 4314 consideratur
1024 4276 1166 4324 numeram
1184 4261 1300 4315 rithmus
1316 4263 1384 4313 enim
1396 4278 1445 4314 au·

308 4343 397 4381 meras
415 4330 610 4395 interpretatur
628 4325 758 4402 [ἀριθμόςέ
777 4329 832 4395 vgl.
846 4329 918 4394 leid,
932 4347 968 4383 or.
988 4330 1007 4394 I,
1027 4329 1067 4396 38,
1087 4330 1122 4398 3].
1152 4330 1187 4384 M
1190 4335 1299 4383 etrum
1320 4330 1446 4398 estquod
