3316 5170
753 367 955 426 „54-

292 542 390 620 ipsius
414 541 504 601 lactis
528 539 748 600 nutrimentum
772 538 851 615 quod
874 537 958 614 sugis
983 558 1018 597 ex
1042 538 1140 616 poetis
1168 540 1287 601 occasio
1311 540 1371 601 tibi
1393 543 1435 602 sit

293 628 385 689 solidi
408 628 471 687 cibi
503 627 581 686 idest
604 624 742 687 lectionis
771 624 902 689 altioris.
949 624 1098 702 Equidem
1130 626 1274 686 secularis
1306 626 1434 688 scientia

292 715 475 794 sapientiam
498 713 712 791 quaerentibus
736 712 782 771 ita
805 720 852 772 est
875 711 1030 783 intuenda,
1054 719 1096 784 ut,
1120 713 1214 791 siqui
1234 713 1346 791 gradus
1368 735 1434 793 pro·

292 802 425 863 fectuum
445 801 647 862 communium
670 800 701 859 iu
723 799 825 859 verbis
849 799 915 858 sive
937 799 1098 860 sententiis
1121 800 1153 859 in
1177 820 1211 860 ea
1233 801 1434 878 reperiuntur,

264 889 371 948 <eunde
393 889 448 948 illa
472 908 548 966 quae
576 891 787 947 sursumsunt
810 885 962 963 sapientia
985 885 1096 945 fortius
1121 887 1344 965 apprehendat,
1374 909 1433 950 non

292 975 472 1036 omnimodis
496 981 697 1052 respuantur,
731 971 783 1032 sed
812 973 844 1032 in
873 971 919 1031 bis
944 971 1062 1032 animus
1086 976 1148 1032 tam
1172 973 1224 1034 diu
1248 980 1433 1048 exerceatur,

292 1062 386 1124 donec
410 1061 490 1139 quod
513 1080 654 1140 peream
677 1059 836 1137 quaeritur
865 1059 1050 1122 inveniatur.
1096 1060 1185 1123 Sicut
1209 1062 1288 1122 enim
1312 1067 1434 1122 anetum

292 1149 425 1211 conditis
449 1149 526 1209 escis
549 1152 579 1206 et
603 1145 791 1224 consumptis
814 1145 976 1224 proicitur,
1007 1146 1050 1205 sic
1073 1148 1207 1224 peractis
1230 1148 1263 1207 in
1287 1149 1436 1210 studenti·

293 1238 348 1296 bus
380 1236 491 1296 officiis
524 1235 587 1294 suis
618 1233 764 1294 secularis
800 1232 945 1304 scientia,
979 1252 1016 1292 ne
1047 1232 1182 1293 divinam
1215 1233 1382 1313 impediat,
1418 1257 1435 1296 a

254 1332 283 1374 1⁰
292 1322 485 1401 spiritalibus
509 1320 621 1380 studiis
645 1323 832 1380 amoveatur.
877 1319 980 1397 igitur
1004 1317 1129 1380 Oratius
1152 1323 1434 1400 perspicacissimus

293 1409 325 1469 in
347 1414 467 1468 tautum
481 1408 649 1487 profecisse
672 1406 877 1484 cognoscitur,
902 1411 1018 1467 utnon
1040 1407 1137 1467 solum
1154 1407 1266 1468 multos
1286 1411 1335 1469 sui
1358 1415 1434 1470 tem·

292 1497 376 1575 poris
399 1502 505 1574 poetas
529 1493 677 1574 poematis
699 1493 864 1554 nobilitate
886 1493 1092 1571 praecederet,
1116 1494 1169 1555 sed
1193 1495 1285 1554 etiam
1309 1497 1434 1577 seriptis

293 1587 324 1643 et
346 1583 498 1646 scribendi
512 1581 684 1660 praeceptis
700 1581 846 1659 plurimos
871 1579 910 1638 ad
922 1586 1037 1640 rectam
1059 1581 1211 1641 scribendi
1229 1584 1368 1660 regulam
1391 1584 1436 1644 in-

293 1669 452 1741 formaret;
483 1675 514 1730 at
541 1669 597 1730 boc
619 1667 890 1748 pernecessarium:
922 1667 1012 1727 multi
1036 1667 1115 1727 enim
1145 1669 1275 1747 professi
1297 1671 1435 1749 poeticae

256 1764 283 1806 1⁵
294 1756 370 1815 artis
392 1755 551 1816 scientiam
585 1762 616 1815 et
647 1754 799 1815 scribendi
832 1754 951 1813 modum
974 1755 1152 1832 ignorantes
1176 1756 1275 1834 operis
1306 1758 1353 1817 sui
1377 1779 1438 1818 ma·

293 1842 403 1903 teriam
433 1843 558 1904 confuso
591 1841 697 1902 ordine
727 1839 954 1914 decolorabant,
988 1841 1160 1902 medietatis
1183 1863 1217 1902 ac
1240 1842 1310 1903 finis
1334 1864 1436 1905 conse·

294 1930 448 2008 quantiam
480 1930 524 1990 sic
553 1934 725 1989 avertentes
760 1926 964 2007 aprincipio‚
994 1934 1030 1986 ut
1067 1933 1165 1990 totum
1197 1950 1304 2008 corpus
1335 1933 1436 2009 operis

293 2022 410 2078 teneret
422 2037 483 2076 uon
498 2016 570 2076 ordo
585 2015 751 2094 legitimus,
764 2014 815 2073 sed
828 2015 976 2075 confusia.
1007 2014 1133 2075 Oratius
1150 2016 1248 2094 igitur
1264 2017 1436 2078 admonitus

294 2109 324 2164 et
347 2113 473 2181 rogatus
497 2124 514 2162 a
538 2103 666 2180 quodam
690 2101 786 2161 amico
809 2120 862 2160 suo
882 2101 993 2161 Pisone
1012 2101 1193 2181 philosopho
1217 2109 1248 2162 et
1270 2103 1343 2164 filiis
1366 2105 1437 2176 suis,

254 2195 329 2250 20ut
352 2191 485 2268 aliquam
509 2195 591 2250 recte
612 2187 764 2250 scribendi
787 2207 924 2247 normam
944 2188 1164 2267 scriptionibus
1187 2189 1249 2250 suis
1266 2211 1343 2252 novo
1366 2212 1437 2270 quo·

294 2276 362 2337 dam
386 2297 497 2356 genere
519 2277 704 2348 ostenderet,
738 2275 932 2352 generalibus
955 2270 1097 2354 ususest
1119 2275 1286 2350 institutis,
1315 2277 1348 2336 in
1371 2280 1438 2358 ipsa

294 2363 394 2443 operis
426 2365 473 2423 sui
505 2364 606 2425 fronte
636 2362 767 2442 quadam
798 2363 1026 2440 comparatione
1057 2362 1282 2424 irrationabilis
1306 2365 1436 2425 monstri

295 2450 410 2512 vitiosa
431 2456 572 2529 poemata
588 2450 731 2529 detegens
747 2452 777 2508 et
789 2447 956 2526 dampnans
978 2469 1053 2527 opus
1070 2449 1174 2510 debito
1193 2470 1298 2511 careus
1320 2451 1435 2529 ordine,

295 2537 348 2598 ubi
369 2538 493 2616 pulcrae
524 2538 671 2598 materiae
701 2535 874 2615 propositae
896 2555 1080 2614 consequens
1112 2538 1332 2598 sententiarum
1363 2539 1435 2600 ordo

255 2628 354 2684 125non
377 2623 579 2703 responderet.
603 2625 689 2684 velut
712 2623 738 2682 si
764 2621 898 2682 membra
921 2622 1033 2701 capitis
1058 2623 1182 2683 humani
1210 2625 1315 2685 formis
1340 2626 1435 2686 variis

296 2711 473 2770 animalium
498 2711 685 2771 diversorum
718 2710 749 2768 in
777 2729 807 2770 se
830 2710 958 2788 receptis
985 2709 1083 2770 solida
1113 2710 1255 2771 iunctura
1286 2732 1346 2772 non
1369 2733 1437 2773 con·

296 2802 423 2857 starent.
467 2798 516 2858 Ad
548 2818 637 2877 quam
665 2796 826 2857 formulam
860 2796 1040 2856 somniantis
1074 2797 1140 2874 egri
1162 2818 1257 2858 vanas
1288 2798 1436 2880 imagines

296 2889 453 2962 coaptasse
468 2885 598 2958 videtur,
618 2884 671 2963 qui
690 2903 790 2943 rerum
809 2883 1013 2961 corporalium
1030 2884 1216 2961 imaginaria
1230 2885 1436 2948 ludificatione

296 2971 487 3032 dementatus
517 2971 573 3032 boc
605 2976 696 3050 putat
727 2989 790 3029 esse
813 2971 956 3030 veritatis
979 2969 1058 3048 quod
1090 2978 1137 3030 est
1163 2971 1322 3033 vanitatis.
1368 2973 1436 3046 Qua

255 3057 496 3118 ³⁰similitudine
519 3064 650 3118 mentem
674 3056 787 3117 solidae
811 3057 957 3117 scientiae
980 3058 1031 3117 vel
1052 3058 1190 3136 poeticae
1213 3059 1290 3132 artis
1313 3060 1436 3139 penitus

298 3165 424 3206 vacuam
447 3145 612 3217 damnavit,
639 3164 716 3223 quae
740 3143 799 3203 sibi
823 3151 948 3222 arrogat
970 3144 1050 3222 quod
1073 3144 1207 3222 ignorat.

383 3231 421 3293 l).
446 3231 548 3304 Quare
564 3232 674 3292 librum
694 3231 787 3290 istum
802 3229 967 3308 insignivit
991 3231 1046 3290 hoc
1067 3231 1159 3290 titulo
1176 3230 1257 3292 idest
1281 3231 1438 3311 ‘poetria'l

297 3317 370 3396 quid
393 3324 439 3379 est
460 3318 603 3397 poetria?

380 3407 423 3464 M.
447 3406 569 3465 Poetria
602 3406 648 3466 vel
680 3404 819 3482 poetrida
848 3410 895 3464 est
924 3403 1031 3463 mulier
1061 3404 1189 3464 carmini
1212 3405 1351 3480 studens3
1380 3425 1439 3483 quo

383 3574 408 3643 ὁ]
428 3574 656 3644 apprehendatur.
816 3577 845 3615 20
879 3572 977 3640 aliqua.
1135 3574 1178 3644 26]
1198 3575 1287 3628 solita.

367 3645 409 3713 aa]
429 3647 575 3698 constaret,
814 3647 844 3684 30
877 3641 964 3695 solida
983 3642 1104 3697 scientia.

384 3801 458 3870 llac]
477 3820 499 3856 s.
518 3801 587 3855 oben
604 3801 646 3865 21,
667 3800 711 3863 10;
732 3799 772 3864 36,
793 3799 832 3852 13.

366 3870 408 3939 19]
428 3871 480 3924 T1:
506 3871 605 3940 diripit
624 3876 713 3922 autem
730 3870 799 3922 barac
817 3868 916 3922 libram
934 3867 971 3920 ud
990 3867 1114 3920 Pisonem
1138 3873 1164 3920 et
1186 3867 1254 3920 datos
1275 3866 1348 3932 filios
1372 3866 1437 3931 ciue,

290 3939 411 3992 maxime
430 3939 467 3992 cd
485 3941 622 4003 arciorem,
641 3939 691 4007 qui
708 3939 826 4008 scriptor
843 3937 1025 3992 correctiorem
1040 3937 1104 4001 scit.

366 4009 408 4078 25]
427 4009 552 4075 Horas,
577 4026 621 4062 ars
640 4011 710 4078 poet.
729 4008 761 4061 V.
782 4009 794 4060 1
814 4007 847 4060 t:
872 4009 988 4060 iuuuouo
1006 4007 1094 4074 capiti
1112 4005 1240 4059 ceruicem
1259 4005 1347 4074 pictor
1366 4004 1439 4073 egui-

292 4079 498 4146 uom‘e'uupere
515 4079 541 4130 si
558 4079 621 4131 velit
639 4095 664 4130 u.
684 4094 705 4130 s.
724 4095 757 4130 vv.

366 4147 408 4216 27]
427 4146 507 4200 ibid.
526 4147 559 4200 V.
580 4149 594 4200 7
613 4147 644 4199 t:
663 4148 735 4200 vetra
754 4145 831 4212 couri
849 4146 955 4198 somata
973 4144 1223 4213 oauoe'fiupeutur
1241 4142 1351 4212 species.

366 4217 409 4284 34]
429 4217 484 4284 vgl.
505 4217 572 4269 oben
591 4217 616 4270 S.
636 4217 677 4280 25,
695 4216 712 4268 4
719 4235 725 4278 ;
745 4215 801 4268 T1:
822 4215 961 4282 poeto-rues
978 4219 1091 4266 uocatur
1109 4215 1167 4282 ipse
1186 4212 1324 4266 Horatius
1342 4213 1373 4263 ru
1391 4211 1440 4264 boc

296 4301 380 4352 opere.
400 4302 468 4352 opus
485 4285 574 4355 ipsius
592 4291 705 4338 occatur
719 4285 827 4353 poetria
846 4284 916 4337 idest
934 4285 977 4336 lex
992 4289 1087 4351 poetae
1092 4302 1101 4348 ,·
1124 4282 1194 4335 auch
1211 4282 1320 4336 Walter
1337 4281 1440 4350 Burley

292 4355 350 4408 und
367 4355 447 4421 Hugo
466 4372 492 4408 v.
512 4354 611 4408 Trimb.
631 4371 738 4408 nennen
756 4353 799 4406 bei
817 4354 907 4407 Horaz
927 4353 1025 4406 dassen
1044 4350 1173 4422 ‘poetria’.
