3316 5170
762 387 1019 445 -re-‘

300 578 405 630 sensu,
436 557 487 636 qui
515 557 593 616 inter
614 576 700 618 voees
718 565 759 636 ¹et
788 576 834 615 res
863 563 1014 627 versatur,
1046 554 1213 614 necessaria
1244 563 1289 613 est
1314 553 1443 632 cognitio

300 665 421 717 vocum,
451 644 493 703 sic
522 644 553 702 in
582 642 650 716 illo,
680 643 731 722 qui
758 643 837 702 inter
865 661 910 702 res
938 651 968 702 et
988 641 1071 701 facta
1093 640 1141 701 vel
1163 639 1303 700 facienda
1326 641 1442 700 mistica

300 738 425 803 constat,
447 731 615 791 necessaria
637 739 682 790 est
704 729 832 808 cognitio
855 749 968 801 rerum;
991 728 1118 806 denique
1132 746 1238 787 vocum
1261 721 1389 805 cognitio
1411 727 1442 785 in

300 817 418 878 duobus
439 817 651 889 consideratur,
674 817 704 874 in
727 816 969 894 pronuntiatione
992 824 1022 874 et
1043 813 1265 892 significatione.
1310 813 1444 872 Pertinet

278 904 391 981 sigitur
413 903 451 963 ad
474 901 569 962 solam
591 902 865 981 pronuntiationem
888 901 1093 981 grammatica,
1117 900 1155 960 ad
1178 900 1274 960 solam
1296 899 1443 978 significa·

300 991 410 1050 tionem
433 989 561 1068 pertinet
582 989 746 1063 dialectiea,
770 989 809 1048 ad
831 998 990 1066 utrumque
1012 986 1102 1047 simul
1117 987 1391 1065 pronuntiationem
1414 995 1444 1046 et

227 1073 291 1168 {¹¹23st
301 1075 547 1155 significationem
581 1076 727 1136 rethorica
757 1076 892 1154 pertinet.
943 1075 1036 1134 Porro
1065 1093 1163 1133 rerum
1182 1073 1330 1154 {cognitio
1365 1073 1443 1133 cirea

300 1162 359 1222 duo
382 1171 518 1224 versatur
547 1161 624 1223 idest
652 1161 779 1222 formam
807 1170 836 1222 et
858 1170 1013 1233 naturam3
1043 1159 1142 1220 forma
1170 1168 1215 1220 est
1244 1160 1276 1217 iu
1306 1161 1442 1220 exteriori

300 1249 506 1328 dispositione,
535 1259 645 1308 natura
667 1249 697 1308 in
720 1249 853 1308 interiori
876 1247 1038 1328 qualitate,
1067 1246 1117 1306 sed
1140 1245 1237 1306 forma
1262 1266 1360 1306 rerum
1390 1255 1443 1305 aut

266 1350 291 1392 10
300 1336 332 1394 in
362 1355 486 1396 numero
516 1335 720 1395 consideratur
751 1335 789 1394 ad
820 1357 908 1414 quern
932 1335 1060 1413 pertinet
1090 1333 1292 1405 arihtmetica,
1327 1343 1380 1392 aut
1410 1333 1442 1391 in

299 1423 490 1500 proportione
521 1422 559 1481 ad
590 1428 681 1500 quam
710 1422 838 1500 pertinet
864 1422 994 1493 musica,
1027 1429 1080 1480 aut
1106 1420 1136 1478 in
1164 1419 1347 1479 dimensione
1372 1418 1443 1494 <ad

301 1529 391 1586 quam
414 1509 573 1587 pertinet>
604 1509 773 1588 geometria,
796 1517 850 1568 aut
871 1509 903 1566 in
925 1516 1008 1566 motu
1031 1506 1070 1566 ad
1092 1526 1179 1585 quern
1202 1506 1330 1584 pertinet
1352 1515 1442 1565 astro·

301 1595 416 1666 nomia3
441 1595 481 1655 ad
502 1595 671 1655 interiorem
693 1615 762 1656 vero
785 1604 925 1656 naturam
949 1593 1065 1672 phisica
1086 1602 1208 1671 spectat.

387 1682 426 1741 I).
460 1682 510 1740 Ex
537 1681 593 1742 hoe
623 1681 725 1742 ordine
746 1681 794 1742 vel
817 1681 1026 1742 distributione
1047 1679 1314 1757 congruentissima
1336 1698 1442 1738 vocunr

265 1787 290 1828 15
300 1777 329 1826 et
360 1788 471 1841 rerum,
498 1769 749 1846 pronuntiationis
776 1777 805 1827 et
832 1767 1070 1846 significationis,
1103 1765 1217 1825 formae
1245 1773 1274 1824 et
1305 1775 1441 1830 naturae.

300 1874 377 1932 quae
405 1855 505 1914 omnia
530 1865 641 1933 septem
665 1854 839 1914 liberalibus
863 1854 1029 1933 disciplinis
1052 1852 1155 1912 ordine
1177 1851 1350 1911 rationabili
1373 1860 1442 1910 sunt

300 1940 592 2019 comprehendentia,
622 1941 774 2020 perpendo
801 1941 1038 2020 profundissima
1066 1939 1212 2018 phisicam
1236 1938 1442 2017 spectantibus

299 2027 427 2105 ingenia,
450 2028 482 2086 in
505 2027 622 2106 quibua,
645 2038 679 2088 ut
702 2028 835 2107 superius
858 2028 1021 2099 innotuisti,
1048 2046 1110 2086 non
1132 2045 1243 2104 parvus
1265 2025 1376 2103 gradus
1398 2034 1443 2084 est

299 2113 336 2172 de
360 2114 509 2192 sapientia
532 2113 662 2174 inferiori
685 2115 724 2175 ad
747 2116 923 2194 superiorem
947 2112 1134 2191 capiendam.

264 2220 291 2262 20
385 2202 428 2259 M.
460 2201 556 2261 Visne
588 2202 686 2279 ipsum
716 2201 867 2261 cardinem
896 2198 1056 2260 earundem
1079 2197 1306 2276 disciplinarum
1337 2196 1441 2275 paucis

300 2286 495 2360 considerare,
518 2297 551 2346 ut
574 2288 716 2366 cuiusque
739 2288 811 2347 artis
834 2288 1044 2366 proprietatem
1067 2285 1170 2346 valeas
1192 2282 1376 2362 ponderare?

385 2373 424 2432 Ι).
457 2373 499 2433 Et
527 2373 583 2434 boc
611 2374 706 2434 modis
734 2373 873 2434 omnibus
903 2373 1048 2452 efflagit03
1081 2373 1124 2432 sic
1153 2372 1231 2431 enirn
1260 2369 1320 2430 huc
1348 2389 1442 2448 usque

302 2479 474 2537 progressus
505 2481 544 2533 es,
575 2470 609 2520 ut
631 2481 669 2520 ex
690 2461 762 2539 ipsis
787 2471 940 2520 auctorum
963 2459 1116 2538 principiis
1140 2457 1299 2518 efficatiam
1322 2455 1441 2516 demon·

302 2553 410 2605 strares
442 2547 591 2625 sequentis
622 2548 733 2626 operis;
766 2548 885 2626 cognita
915 2547 994 2606 enim
1025 2547 1169 2624 cuiusque
1197 2542 1239 2602 rei
1262 2543 1441 2621 proprietate

264 2652 291 2694 25
301 2632 391 2692 cicius
414 2641 497 2711 patet
519 2634 660 2712 quicquid
683 2634 792 2694 accidit
814 2634 876 2693 eius
899 2632 1182 2711 consignificantiae.

386 2719 429 2778 Μ.
453 2719 612 2780 Scientiam
637 2720 756 2799 quidem
778 2720 964 2780 mundanam
986 2718 1111 2798 professi
1135 2725 1283 2796 quaerunt
1299 2716 1332 2774 in
1347 2715 1440 2775 literis

300 2805 363 2864 suis
393 2804 550 2865 ambitiosa
580 2808 726 2866 oratoriae
748 2806 974 2867 declamationis
997 2804 1174 2866 diverticula
1195 2812 1249 2862 aut
1269 2803 1440 2862 distinctam

300 2889 429 2950 colorum
460 2893 635 2952 varietatem
666 2895 697 2952 in
726 2903 818 2954 metro
850 2893 899 2955 vel
930 2895 961 2952 in
991 2913 1092 2971 prosa,
1126 2910 1224 2951 rerum
1254 2899 1307 2949 aut
1332 2909 1439 2949 vocum

299 2987 447 3055 quaerunt
475 2988 599 3039 naturas
630 2990 659 3039 et
681 2981 893 3058 proprietates,
925 3000 1000 3058 quas
1024 2977 1215 3038 Aristoteliea
1237 2974 1387 3036 subtilitas
1410 2984 1440 3035 et

263 3065 408 3142 soreperit
437 3074 466 3124 et
493 3065 601 3138 docuit,
631 3075 779 3144 quaerunt
806 3067 895 3126 etiam
919 3065 1123 3144 sillogisticarn
1146 3064 1207 3124 veri
1229 3061 1358 3140 falsique
1380 3061 1439 3122 dis·

299 3151 473 3224 cussionem,
496 3153 709 3232 grammaticae
731 3153 841 3230 regulis
860 3153 992 3230 linguam
1010 3151 1125 3223 limant,
1149 3170 1269 3210 sensum
1283 3147 1440 3227 expoliunt

299 3245 328 3296 et
350 3237 439 3297 docta
466 3238 647 3298 literatoriae
674 3238 865 3317 professionis
896 3239 1017 3299 exordia
1040 3236 1252 3317 promerendae
1274 3235 1439 3313 sapientiae

299 3325 384 3400 quasi
427 3325 578 3402 quoddam
622 3324 852 3386 fundamentum
896 3333 1021 3404 ponunt.
1081 3324 1189 3402 Itaque
1225 3321 1438 3381 rethoricae

299 3408 469 3470 doctoribus
501 3411 674 3472 asscribitur
696 3413 856 3472 commodis
880 3413 990 3490 scripta
1013 3432 1068 3471 sua
1090 3408 1225 3490 partibus
1248 3408 1439 3486 distinguere,

261 3517 289 3558 35
299 3497 435 3574 congruis
470 3499 697 3558 exornationum
731 3498 954 3560 diversitatibus
987 3499 1148 3559 sententias
1182 3495 1325 3573 expolire,
1357 3494 1438 3554 locos

298 3601 351 3660 per
378 3583 640 3662 amplificationem
671 3585 824 3658 inducere,
852 3595 962 3644 natura
984 3584 1120 3645 doctrina
1142 3603 1199 3641 usu
1221 3582 1297 3641 idest
1318 3582 1438 3659 ingenio

298 3668 423 3729 scientia
446 3670 621 3731 assiduitate
644 3670 758 3750 aliquid
780 3671 850 3732 boni
873 3671 997 3744 efficere,
1029 3669 1171 3730 orationis
1194 3677 1294 3747 partes
1312 3677 1439 3746 quatuor

298 3755 538 3833 inquisitionibus
573 3757 745 3830 adtendere,
785 3757 897 3819 scilicet
933 3758 1085 3818 exordium
1118 3756 1319 3816 narrationem
1353 3775 1439 3833 argu-

388 3925 448 3980 2sic
465 3927 494 3978 in
511 3925 569 3995 illo]
589 3926 660 3980 siout
677 3926 705 3979 in
722 3927 778 3982 illo.
824 3959 829 3968 ·
872 3929 897 3998 8]
917 3932 1069 3982 versantur.

372 3995 413 4063 12]
432 3998 510 4048 motu
527 3995 631 4065 <sic>
652 3996 687 4048 ad
705 4014 794 4064 quam.
858 3999 900 4067 15]
919 3997 1154 4068 pronuntiationes
1173 3999 1201 4049 et
1218 3994 1439 4062 significationes

373 4153 401 4192 18
413 4149 548 4218 superius]
568 4149 592 4203 d.
610 4150 637 4203 h.
656 4151 723 4204 oben
743 4152 782 4214 75,
804 4152 843 4204 17.

371 4217 591 4286 arff,]lsid01‚
616 4237 652 4272 or.
672 4221 705 4283 II,
730 4221 752 4283 7,
778 4221 804 4272 1:
829 4225 922 4287 portes
940 4219 1074 4272 orationis
1096 4220 1126 4271 in
1144 4219 1279 4272 rhetorica
1297 4225 1355 4272 orte
1374 4234 1439 4286 φια-

300 4295 363 4341 tuor
381 4293 457 4351 stou,
482 4287 630 4354 exordium,
650 4290 790 4351 rrarrntio,
810 4289 1023 4354 nrpanrentutio,
1043 4289 1185 4342 conclusio.
1223 4289 1330 4342 Horam
1347 4289 1440 4356 printa-

300 4357 438 4411 ‹urdr'torr's
456 4358 574 4420 calinum
591 4364 729 4426 provocat,
747 4357 865 4412 secanda
882 4373 925 4410 res
943 4365 1031 4427 pestes
1050 4359 1171 4426 explieat,
1189 4358 1270 4410 tertia
1283 4357 1439 4422 fidentsacr't
